2640 5130
96 234 99 245 ‘'
156 230 209 308 12
356 255 360 261 “
416 328 421 333 ι
462 230 643 332 Mytltogr.
670 231 703 302 1.
750 229 962 316 oux-55.

546 442 647 528 ⁴35.
699 441 855 520 Orion.

241 596 362 678 Orion,
382 594 565 688 praedictus
585 596 665 666 lilim
685 593 845 684 Neptuni,
873 606 1003 665 vemtor
1019 598 1193 668 acerrimus
1216 599 1285 670 luit

156 682 190 750 is
206 677 314 752 abiem
333 681 376 750 ad
397 681 543 765 Minodu,
570 681 773 773 Cretensium
792 702 923 769 regem,
951 681 1088 772 hospitio
1115 707 1211 760 susce
1234 699 1285 755 tus

157 777 222 848 est,
258 781 293 836 et
317 768 448 836 tentarit
476 767 555 836 lilius
583 767 652 859 ejus
669 765 820 834 violenter
839 788 962 854 rapere.
1003 773 1045 838 At
1072 792 1147 837 vero
1226 794 1284 840 uos

132 850 276 919 oLibero
297 854 396 942 patri,
420 851 510 943 cujus
533 851 614 921 fiius
636 850 818 931 videbatur,
839 850 1018 921 immolarit.
1058 854 1164 943 Igitur
1183 855 1286 924 Liber

153 948 249 1026 pater
274 939 359 1006 misit
385 938 538 1028 Satyros,
569 939 624 1027 qui
652 937 807 1005 Orionem
837 936 997 1011 ebriosum
1025 937 1221 1028 ligaverunt,
1250 955 1283 1011 et

154 1021 299 1090 vinctum
318 1023 416 1090 Minoi
443 1021 657 1106 tradiderunt,
690 1033 727 1088 ut
752 1022 823 1109 ipse
844 1043 917 1088 eum
961 1023 1072 1092 uniret
1113 1027 1210 1094 'Pano
1232 1026 1284 1094 ille

155 1106 267 1176 oculos
288 1108 356 1200 ejas
375 1109 466 1176 eruit
507 1109 631 1178 Postea
657 1127 734 1174 vero
761 1104 864 1174 Orion
892 1105 924 1172 di
948 1108 1003 1175 icit
1032 1132 1207 1199 responso,
1235 1110 1282 1179 lu-

155 1192 240 1260 mina
264 1205 548 1282 sereeepturum,
578 1194 605 1262 si
628 1192 669 1261 ad
692 1191 843 1260 orientem
866 1192 1022 1260 venisset
1037 1198 1080 1262 At
1098 1196 1149 1262 ille
1169 1219 1282 1265 sonum

114 1277 352 1367 rkoolopum,
378 1279 507 1364 fulmina
526 1277 765 1356 seminantium,
794 1275 923 1342 auribus
942 1292 1091 1357 secutus,
1121 1302 1217 1346 uuum
1240 1305 1281 1350 ex

154 1362 230 1450 ipsis
251 1363 372 1465 rapuit,
400 1375 434 1434 et
459 1363 599 1432 humeris
630 1361 809 1453 impositum
831 1361 973 1448 rogarit,
1002 1376 1038 1432 ut
1057 1387 1095 1431 se
1114 1365 1155 1432 ad
1176 1365 1281 1450 orien-

154 1459 219 1516 tem
239 1446 400 1537 dirigeret.
443 1448 501 1518 Sic
519 1450 696 1540 productus
716 1445 758 1514 ad
778 1445 950 1530 orientem,
976 1447 1084 1518 lumen
1108 1451 1238 1543 recepit

519 1671 589 1751 5²1.
641 1671 906 1751 Amaracus.

240 1800 413 1868 Amenanus
444 1801 555 1890 regius
593 1806 823 1890 unguentarius
852 1804 932 1885 suit,
967 1803 1021 1893 qui
1057 1825 1137 1871 oasa
1163 1802 1280 1892 lapsus,

113 1881 233 1953 rodum
252 1886 350 1952 ferret
368 1898 550 1972 unguenta,
580 1889 732 1979 majorem
761 1914 801 1959 ex
827 1889 1015 1957 confusione
1036 1886 1170 1957 odorem
1189 1909 1282 1954 crea-

153 1970 212 2037 vit:
239 1968 325 2037 unde
337 1970 457 2059 optima
471 1985 636 2061 unguenta
651 1976 891 2043 amaracina
908 1974 1065 2054 dicuntur.
1094 1974 1160 2042 Hic
1167 1984 1281 2062 postea

151 2053 336 2210 fficpppbam
349 2057 575 2146 sampsuchum
587 2080 697 2130 veram
716 2071 774 2145 est,
791 2083 888 2152 quam
902 2073 1035 2130 nuncet
1050 2079 1280 2130 amaracum

508 2332 578 2411 55.
625 2335 908 2431 Palamedes.
937 2379 940 2385 ·
1055 2297 1057 2303 Ι

111 2495 170 2544 ,p⁴
237 2457 427 2529 Palamedes
448 2481 545 2551 quum
569 2461 726 2532 delectum
746 2486 806 2555 per
827 2463 998 2531 Graeciam
1021 2469 1153 2550 ageret,
1183 2460 1280 2529 simu·

152 2544 269 2613 lautem
306 2547 457 2614 insaniam
490 2548 602 2615 Ulixen
637 2549 726 2617 duxit
762 2549 900 2619 inritum.
960 2549 1067 2625 Quum
1099 2547 1181 2614 euim
1218 2546 1279 2626 ille,

152 2632 265 2698 'unctis
287 2630 441 2700 dissimilis
461 2645 594 2703 naturae
621 2635 821 2715 animalibus,
848 2633 946 2702 salem
966 2642 1104 2712 sereret,
1132 2631 1231 2698 filium
1249 2631 1280 2696 ei

183 2714 341 2784 alamedes
361 2741 382 2785 o
404 2718 517 2808 posuit.
558 2719 632 2794 Quo
654 2721 736 2801 viso,
761 2720 870 2788 Ulixes
892 2730 998 2788 aratra
1018 2716 1201 2820 suspendit3
1235 2727 1279 2796 et,

152 2800 196 2870 ad
226 2801 340 2870 bellurn
372 2741 507 2886 (luctus,
538 2801 649 2876 habuit
674 2805 795 2896 justam
830 2827 959 2872 causam
989 2802 1118 2871 dolona.
1159 2800 1282 2869 Postea

110 2910 250 2978 25quum
270 2889 396 2972 Ulixes,
424 2890 647 2958 frumentatum
668 2891 812 2969 missus,
828 2889 872 2960 ad
891 2889 1024 2982 'I'rojam
1042 2887 1118 2956 nihil
1137 2885 1281 2956 advexis-

151 2987 219 3055 set,
239 2973 448 3044 aPalamede
471 2986 521 3043 est
539 2977 740 3046 vehementer
759 2975 939 3064 increpitus.
967 2976 1013 3044 Et
1031 2993 1129 3065 quom
1147 2972 1280 3050 diceret,

151 3060 235 3128 adeo
256 3082 319 3127 uon
340 3083 412 3128 esse
437 3060 673 3149 neglegentiam
701 3083 809 3143 suam,
843 3072 946 3131 utne
971 3061 1041 3149 ipsa
1070 3057 1222 3147 quidem,-
1251 3057 1279 3123 si

151 3157 321 3250 pergeret,
355 3147 523 3235 quicquam
553 3160 662 3236 posset
690 3147 864 3228 advehere3
899 3145 1060 3249 profectus
1089 3138 1279 3244 Palamedes

152 3231 271 3298 infinita
293 3232 449 3300 frumenta
469 3231 603 3301 devexit.
640 3234 713 3307 Qua
731 3232 846 3300 invidia
860 3231 968 3299 Ulixes
984 3229 1084 3297 auctis
1100 3228 1279 3307 inimicans,

110 3317 261 3386 seucum
280 3317 444 3406 epistulam
466 3317 586 3384 Priami
606 3319 731 3386 uomine
753 3318 796 3386 ad
818 3315 1040 3397 Palamedem,
1068 3337 1127 3404 per
1142 3353 1281 3382 ........

152 3402 380 3482 transmissum,
398 3400 487 3469 dedit
496 3404 628 3492 captivo,
648 3417 682 3473 et
704 3426 776 3471 uum
788 3403 937 3471 initiuere
952 3403 1028 3469 feeit
1041 3398 1153 3467 oooidi.
1184 3401 1280 3466 Haec

151 3487 293 3569 inventa,
322 3510 411 3555 more
439 3487 583 3567 militiae,
615 3490 685 3578 regi
718 3489 812 3558 allata
842 3500 891 3556 est
918 3497 951 3554 et
977 3487 1061 3555 lecta
1084 3484 1187 3589 princi
1208 3485 1279 3551 ibus

152 3573 343 3641 convocatis.
398 3573 495 3640 'l'uno
522 3574 647 3656 Ulixes,
681 3598 779 3665 quum
807 3597 843 3642 se
870 3572 1034 3640 Palamedi
1061 3569 1167 3638 drssim
1202 3582 1280 3652 aret,

154 3659 222 3735 aitt
253 3658 294 3724 Si
315 3678 435 3725 verum
456 3680 528 3724 sose
550 3661 798 3738 concreditis,
826 3659 864 3725 in
889 3657 1036 3725 tentorio
1056 3657 1131 3743 ejus
1152 3677 1283 3720 urorum

109 3752 355 3832 apponeretur.
397 3742 471 3817 Quo
500 3742 604 3822 lacto,
632 3756 666 3813 ot
699 3746 825 3813 invento
855 3764 953 3824 auro,
1022 3739 1088 3808 uod
1121 3739 1191 3807 ise
1222 3760 1282 3827 per

153 3839 291 3906 noctem,
314 3829 472 3917 corruptis
494 3831 601 3910 serris,
623 3829 846 3907 absconderat,
866 3827 977 3902 Palam
1021 3824 1128 3912 eslapi
1152 3826 1220 3892 ’bus
1233 3824 1282 3890 in-

152 3923 305 3980 teremtus
333 3924 391 3981 est
433 3914 531 3979 Hunc
559 3925 664 3983 autem
685 3925 811 3983 constat
838 3913 935 3998 luisse
954 3911 1153 4003 prudentem.
1194 3906 1281 3976 Nam

154 4009 188 4074 et
221 3998 360 4065 tabulam
391 3996 461 4085 ipse
486 4000 603 4069 iurauit
636 3999 678 4066 ad
710 3997 961 4087 comprimendas
990 3993 1281 4067 otiostseditionss

154 4083 319 4149 exercitus.
370 4083 552 4154 Secundum
584 4083 738 4171 quosdam
767 4085 835 4174 ipse
863 4082 1003 4173 repperit
1024 4084 1160 4170 litteras3
1198 4103 1282 4168 quaa

114 4188 207 4241 sores
230 4167 316 4271 sorte
332 4167 375 4271 sit⁴
392 4166 496 4240 dubia.
533 4169 668 4246 Tamen
682 4181 808 4246 certum
835 4179 902 4249 ast,
928 4194 950 4264 χ
975 4171 1016 4240 ab
1029 4169 1102 4262 „luco
1124 4167 1280 4265 iuuentam

157 4275 230 4323 cum
251 4267 447 4345 aspiratione.
538 4306 540 4322 1
1096 4317 1098 4321 ,
