2640 5130
366 522 548 630 Mptbogr.
574 527 627 600 11.
680 523 935 602 tat-171.
1126 458 1221 603 *133

91 710 265 791 ceraunios
285 731 359 780 cnm
380 723 498 798 magns
519 709 677 786 exercitos
697 720 788 799 parto
808 709 940 779 aarum
965 705 1093 791 tuimet,
1122 709 1222 777 huxe-

90 809 166 867 ruot
186 797 285 883 sudi,
312 818 387 865 eam
408 796 441 863 iu
461 795 557 864 deam
578 796 732 865 marinum
753 817 826 907 esse
845 814 1043 865 courersum.

459 989 551 1068 168.
605 927 860 1068 Glaucus.

174 1112 316 1182 Glaucus
343 1115 483 1205 piscator
510 1117 585 1198 luit,
616 1116 810 1186 Anthedonis
839 1116 937 1197 lilius,
968 1114 1022 1204 qni
1042 1123 1214 1182 extractam

90 1200 170 1269 meri
196 1198 347 1289 praedam
375 1202 407 1268 in
434 1202 526 1271 litore
550 1203 689 1293 projecit
731 1204 841 1270 Pisces
863 1201 1032 1269 herbarum
1055 1210 1142 1269 tuctu
1165 1212 1238 1264 reo

89 1287 240 1353 viserunt.
280 1285 435 1356 intellexit
456 1286 616 1366 Glaucus,
636 1288 720 1356 hanc
738 1288 859 1355 illorum
880 1286 1059 1376 graminum
1071 1298 1226 1354 naturam·
1281 1295 1285 1303 “

89 1393 177 1451 esse,
200 1383 234 1438 ut
252 1370 443 1441 immortales
464 1373 685 1453 efficerentur,
711 1374 765 1461 qui
787 1372 829 1438 de
848 1372 886 1438 iis
908 1380 1101 1461 gustassent.
1149 1368 1214 1437 Ita·

88 1478 151 1541 qne
180 1455 283 1522 avellit
311 1470 343 1524 et
374 1458 520 1546 gustarit,
569 1457 643 1533 Quo
672 1459 775 1537 iacto,
805 1470 910 1525 mente
938 1457 1090 1524 alienatus
1117 1476 1153 1520 se
1174 1477 1214 1521 ex

87 1541 150 1609 alto
177 1541 209 1606 iu
236 1540 370 1629 pelagus
397 1544 620 1632 praecipitarit.
660 1542 717 1610 Sic
741 1542 885 1632 deposito
907 1544 1044 1612 humano
1068 1561 1235 1633 corpore,-

85 1627 117 1691 ia
139 1624 294 1695 marinum
313 1626 410 1697 deum
426 1629 556 1717 lingitur
576 1650 686 1697 versus
706 1650 787 1697 esse.
1166 1635 1168 1644 ’
1219 1650 1255 1698 ιο

469 1816 564 1896 aas.
615 1819 824 1924 sayna.

169 1945 295 2038 Scylla,
322 1947 443 2015 Phorci
469 1961 517 2016 et>
530 1947 708 2016 Grataeidis
735 1948 820 2036 Nym
842 1945 904 2012 hae
927 1945 990 2014 lilia
1011 1945 1078 2016 tuta
1118 1949 1215 2015 Hanc

86 2034 201 2101 amarit
228 2033 388 2114 Glaucus,
418 2034 557 2101 marinus
586 2032 699 2115 dens,¹
717 2032 799 2102 hnth
841 2030 910 2099 onis
937 2032 1035 2113 lilius,
1068 2055 1088 2099 a
1117 2031 1215 2100 (lirae

84 2131 216 2186 amatus.
257 2118 304 2186 Iit
322 2117 470 2207 quoniam
491 2117 672 2206 proniorin
696 2118 832 2207 Scyllam
855 2115 975 2197 luerat,
1008 2119 1088 2185 irata
1116 2118 1213 2185 Circe

86 2203 221 2282 iontem,
245 2202 278 2268 iu
300 2226 364 2291 qno
384 2203 435 2271 illa
455 2216 625 2273 consuerat
643 2225 759 2291 corpus
779 2202 927 2280 abluere,
947 2202 1057 2270 iniecit
1078 2203 1254 2277 teuenisto

84 2289 120 2355 ln
140 2309 237 2377 quem
256 2287 308 2356 illa
348 2311 423 2357 uum
444 2288 678 2369 descendisset,
704 2288 900 2378 pubetenus
919 2288 952 2354 in
973 2288 1073 2354 varias
1094 2290 1214 2356 mumta

84 2384 135 2442 est
159 2375 288 2441 formas.
366 2397 476 2442 orrens
499 2374 597 2464 igitur
617 2374 818 2447 deformitate
838 2395 914 2453 sna,
942 2395 979 2439 se
1000 2372 1216 2461 praecipitavit

81 2460 114 2524 in
140 2479 240 2524 mare.
280 2458 376 2527 Hanc
407 2473 518 2547 postea
540 2460 681 2528 Glaucus
707 2458 782 2525 lecit
802 2457 954 2525 marinam
975 2457 1077 2527 deam.
1120 2459 1214 2526 Haec

81 2543 215 2611 wacta
242 2541 342 2610 Ulixis
369 2567 443 2613 cam
470 2546 564 2615 sociis
595 2545 663 2634 ejus
685 2542 835 2610 evertisse
856 2555 1009 2610 narratur.
1051 2543 1212 2610 Homerus

79 2631 162 2695 ama
182 2626 357 2696 immortale
376 2637 549 2700 monstrum
572 2630 688 2710 luisse,
720 2626 873 2696 Salustius
900 2650 1010 2696 saxum
1032 2649 1103 2696 esse
1123 2626 1254 2708 dicitas

77 2714 179 2780 simdo
209 2712 330 2780 formae
357 2715 538 2783 celebratae
567 2713 677 2804 procul
705 2713 884 2781 visentibus.
939 2716 1057 2780 Cana·
1073 2735 1148 2781 sero
1178 2728 1213 2781 ct

76 2799 142 2888 lupi
162 2798 207 2864 ob
228 2797 292 2864 hoc
312 2821 351 2882 ex
371 2823 412 2866 ea
433 2801 497 2868 nati
519 2825 591 2869 esse
616 2802 796 2886 linguntur,
822 2798 898 2884 quia
924 2799 993 2886 ipsa
1021 2799 1091 2864 loca
1120 2798 1212 2886 plena

77 2893 154 2952 sunt
180 2882 328 3036 monlgtris
355 2886 501 2968 marinis,
535 2898 569 2958 et
590 2906 748 2955 saxorum
776 2882 929 2972 asperitas
953 2881 1015 2950 illic
1041 2881 1211 2952 bestiarum

75 2968 218 3038 imitator
272 2979 382 3037 tratas.

270 3115 275 3125 ’
403 3159 875 3268 succumbam.
1060 3242 1065 3252 ,
1212 3182 1299 3238 s.

159 3288 341 3381 Charybdis
378 3301 485 3358 antem
517 3288 634 3357 semina
664 3292 725 3361 luit
753 3290 983 3370 ferocissima,
1009 3294 1104 3371 Quae
1133 3292 1208 3382 qaia
1302 3321 1310 3333 ’

74 3382 175 3445 hores
196 3375 345 3444 Herculis
365 3395 400 3442 ra
424 3376 486 3457 nit,
510 3375 672 3444 fulminata
692 3388 742 3444 est
761 3400 782 3444 a
801 3380 883 3445 Jove
903 3389 937 3445 et
956 3378 988 3443 in
1003 3378 1101 3444 maria
1112 3399 1207 3466 prae-

71 3463 214 3554 cipitata.
254 3458 391 3528 Undae
436 3482 478 3529 uc
497 3472 639 3529 naturam
661 3462 821 3551 pristinam
843 3475 957 3529 serrat.
990 3462 1075 3529 Nam
1096 3465 1206 3531 sorbet

69 3550 302 3702 amtermhgmet
320 3544 496 3616 seeundum
521 3546 694 3617 Salustium
718 3571 760 3616 ea
779 3546 867 3617 circa
899 3547 1203 3618 Tauromenitanum

67 3633 175 3723 egerit
210 3632 219 3648 '
1207 3650 1258 3702 ao.

242 3816 333 3894 171.
385 3816 616 3921 Tyrrheni
652 3827 697 3893 et
726 3815 864 3892 Liber
894 3833 1032 3920 pater.

150 3944 312 4036 Tyrrheni
334 3956 448 4014 nautae
468 3944 621 4011 Liberum
643 3954 765 4034 patrem
786 3967 919 4033 puerum
942 3946 1148 4013 dormientem
1168 3942 1200 4012 in

65 4029 160 4098 litore
188 4030 394 4100 abstulerant.
446 4028 510 4106 Qui
540 4052 637 4119 quum
664 4041 750 4097 esset
780 4032 1025 4134 expergefactus
1059 4033 1090 4096 in
1119 4031 1199 4113 navi,

89 4138 133 4179 uo
162 4114 367 4197 duceretur,
395 4135 431 4181 ro
459 4114 535 4196 arta,
570 4113 820 4202 Responderunt
845 4114 905 4184 illa:
942 4117 1018 4200 Quo
1038 4115 1208 4181 colueris,

96 4200 167 4265 iber
193 4199 337 4289 rogarit,
366 4211 399 4268 nt
425 4137 551 4266 §annm
579 4199 711 4266 insulam
736 4222 772 4266 se
793 4213 1005 4293 transvectum
1026 4198 1239 4271 nutricibnstt

61 4282 238 4352 redderent
263 4283 426 4375 Nymphis.
468 4284 515 4350 llli
533 4306 592 4372 spe
612 4283 752 4387 praedae
770 4283 907 4366 inducti,
936 4297 1111 4373 coeperunt
1135 4284 1196 4351 alio

62 4368 132 4436 vela
160 4371 302 4437 flectcre.
363 4369 579 4445 Quamobrem
612 4384 728 4438 tratum
756 4392 871 4436 nomeu
898 4370 1032 4458 tigrides
1056 4370 1117 4437 sibi
1145 4393 1196 4437 sa-

63 4466 168 4522 cratas
197 4455 314 4521 visibus
345 4477 456 4522 eorum
484 4453 615 4545 objecit:
648 4477 712 4542 quo
743 4465 865 4523 terrore
893 4480 930 4525 se
953 4455 994 4522 illi
1023 4455 1055 4522 in
1079 4457 1196 4523 linctus

65 4537 184 4607 dedere
204 4539 411 4631 praecipites,
438 4551 471 4609 et
486 4539 565 4608 lacti
586 4552 661 4607 suut
680 4536 827 4629 delphini.
