2640 5130
398 582 579 685 lllpthopn.
607 585 646 659 1.
693 582 752 661 45
766 626 817 643 -
833 583 902 661 dl.
1167 590 1218 665 17

52 780 91 835 ut
118 766 262 859 probes
294 766 467 871 ⁰,0'¹d“il'l⁸
495 768 712 854 castitatem,
740 781 840 839 muto
869 784 903 839 te
925 774 963 839 in
983 784 1219 842 mercatorem.

53 856 126 930 Quo
147 854 276 933 lamo,
306 850 363 919 ille
388 851 506 921 ivitati
525 852 679 930 Procrin,
708 866 757 939 et,
785 856 896 925 oblatis
918 859 1099 926 muneribus
1120 861 1219 950 impe-

55 954 214 1043 trataque
234 960 279 1005 re
301 936 487 1027 conjugali,
507 938 670 1040 consessus
690 952 756 1043 est,
777 964 815 1008 se
834 964 906 1010 esse
927 943 1082 1012 maritum.
1121 945 1219 1022 Quod

59 1026 173 1093 ddecus
201 1022 282 1105 illa,
321 1044 429 1111 quum
456 1022 596 1091 audisset
622 1047 641 1090 a
670 1039 808 1105 rustico,
841 1050 948 1094 amare
985 1051 1056 1095 eum
1090 1033 1216 1109 Auram,

63 1109 1241 1300 tet.'littt‘ttttssztlt:lul'ttttlfflatlplt'll?

68 1284 158 1349 sclito
179 1280 312 1345 Auram
335 1290 482 1355 rocam,
502 1278 632 1346 Procris
653 1279 769 1366 egredi
789 1284 935 1371 cupiens,
964 1284 1109 1350 fruticeta
1130 1308 1219 1351 coru-

68 1368 174 1433 nosit.
228 1366 380 1453 Speraus
409 1361 571 1465 Cephalus
604 1365 704 1430 leram
734 1388 824 1445 esse,
859 1367 980 1433 hastam
1011 1369 1217 1435 inevitabilem

70 1452 230 1541 conjecit,
261 1460 298 1517 et
325 1447 487 1515 interiecit
505 1449 760 1539 uxorem-(quae
779 1462 884 1518 tamen
907 1454 1061 1535 moriens,
1093 1475 1133 1519 ne
1153 1459 1216 1521 Au-

72 1560 178 1605 roram
198 1536 363 1613 duceret,
389 1532 586 1622 postulavit).
1222 1560 1259 1611 ιο

271 1652 343 1728 45.
395 1652 645 1756 Amymone
678 1664 721 1728 et
752 1652 1031 1730 Palamedes.

157 1780 360 1877 Amymone,
392 1772 498 1840 Dauni
531 1773 612 1852 lilia,
650 1770 726 1840 dum
758 1773 899 1876 studiose
925 1774 956 1839 in
984 1773 1085 1842 insula
1111 1775 1215 1863 jaculo

82 1876 309 2013 “ware
326 1855 517 2011 :euru
533 1854 686 2009 am
703 1872 866 2010 vetaret
902 1858 946 1925 Β
957 1860 1216 2021 ,littam

83 1970 366 2130 ssndm'hlepmpus
387 1992 532 2109 vidisset,
553 1966 665 2114 lugpato
686 2028 823 2116 Satyro,
844 1966 1000 2128 ipsedhm
1017 2032 1255 2117 compressitta

84 2120 129 2219 En
147 2140 215 2219 spuo
238 2114 392 2212 conjugio
418 2126 508 2180 uatus
539 2125 590 2178 est
617 2111 734 2192 Belus,
764 2111 960 2211 Palamedis⁹
975 2128 1076 2200 pater.
1119 2113 1215 2181 Unde

86 2202 252 2291 ingilius:
306 2198 454 2266 Belidae
490 2218 611 2261 rrorrterr
650 2197 863 2265 Palamedes.
929 2197 1096 2285 Neptunus
1139 2222 1215 2266 vero

87 2286 194 2389 fficium
215 2284 352 2417 cuspide
369 2282 485 2363 locum,
505 2282 622 2368 inquo
645 2284 851 2371 Amymonem
873 2295 1129 2386 compresperut,
1142 2307 1217 2373 per-

87 2394 227 2441 cussisse
258 2368 358 2437 Lude
377 2389 475 2457 quum
495 2388 579 2456 aqua
598 2368 728 2443 flueret,
747 2366 914 2435 Lernaeus
936 2378 986 2436 est
1006 2372 1077 2436 lons
1098 2369 1213 2451 dictus,

12 2468 19 2482 '
87 2474 116 2525 et
131 2463 326 2547 Amymones
345 2453 468 2521 fluvius.
1219 2479 1255 2528 20

276 2573 347 2651 tu.
401 2574 608 2648 Theseus
640 2583 683 2647 ct
717 2569 1009 2672 Hippolytus.

103 2783 112 2799 θ
166 2698 337 2775 Theseus,
367 2706 491 2761 mortua
517 2689 708 2795 Hippolyte,
734 2688 932 2793 Phaedram,
960 2690 1080 2796 Minois·
1096 2704 1129 2762 et
1148 2694 1213 2761 Pn-

90 2782 358 2958 tltttllllt
379 2775 989 2966 tlttllltllss‘tthllllllt.
1017 2778 1211 2932 ilittlt

94 2968 202 3039 patrem
229 2964 298 3031 est,
332 2948 420 3039 quod
446 2972 475 3014 es
499 2947 560 3013 vim
589 2944 680 3014 vellet
708 2946 835 3013 inferre.
884 2946 1032 3014 Theseus
1057 2951 1202 3036 Aegeum
1216 2987 1252 3037 ,ὁ

129 3052 222 3117 uem,
257 3050 296 3105 ut
330 3058 367 3103 se
399 3032 619 3108 ulcisceretur,
655 3032 795 3119 rogavit:
834 3032 889 3120 qui
918 3032 1050 3118 agitanti
1082 3057 1211 3103 currum

95 3060 257 3215 llppolyto
286 3119 414 3188 immisit
445 3118 580 3269 ppccam
609 3118 640 3182 in
667 3118 776 3191 litore,
808 3139 873 3204 qua
898 3119 969 3203 equi
991 3119 1108 3198 territi,
1137 3142 1211 3187 eum

96 3208 304 3275 distraxerunt.
334 3206 431 3273 'func
483 3204 573 3281 iana,
598 3201 666 3292 ejus
688 3200 833 3269 castitate
853 3214 1027 3277 commotu,
1048 3206 1210 3272 revocavit

33 3354 37 3365 ,
96 3316 158 3359 eum
177 3296 207 3361 in
228 3294 325 3361 sitam
345 3312 402 3379 per
425 3286 661 3375 Aesculapium,
690 3286 787 3352 filium
808 3285 955 3373 Apollinis
977 3288 1010 3355 el
1031 3289 1210 3367 Coronidis,

96 3380 140 3463 qni
159 3392 248 3448 natus
270 3387 341 3443 erat
362 3385 489 3444 exsecto
508 3372 616 3439 matris
636 3370 856 3453 ventre-ideo
878 3373 967 3458 quia,
989 3395 1084 3460 quum
1099 3374 1251 3461 Apoll030

95 3462 220 3531 audisset
240 3488 261 3529 a
282 3484 396 3539 corso,
422 3460 489 3549 ejus
509 3456 659 3536 custode,
687 3479 758 3523 cam
786 3453 972 3522 adulterium
1001 3461 1208 3539 committere,

95 3547 178 3617 iratus
198 3546 413 3625 Coronidem,
442 3554 567 3611 maturo
583 3542 649 3631 jam
670 3555 783 3630 partu,
811 3542 941 3608 confixit
968 3544 1107 3629 sagittis,
1136 3567 1208 3609 cor-

96 3656 153 3697 vum
173 3658 246 3701 sero
268 3634 395 3718 nigrum
416 3628 493 3697 lecit
512 3651 551 3694 ex
572 3629 662 3707 albo;
687 3640 729 3705 et,
753 3640 879 3695 exsecto
900 3639 1006 3693 ventre
1026 3629 1212 3712 Coronidis,

97 3720 228 3799 produxit
264 3714 501 3802 Aesculapium,
543 3713 597 3800 qui
636 3712 739 3778 lactus
780 3724 829 3779 est
869 3712 1042 3778 medicinae
1077 3716 1206 3802 peritus.

99 3804 177 3869 llune
192 3816 304 3893 postea
317 3802 463 3889 Juppiter
475 3810 605 3887 propter
620 3810 800 3863 revocatum
812 3797 1018 3897 Hippolytum
1040 3799 1204 3868 interemit.
1212 3833 1248 3883 ³5

25 3846 32 3947 l
99 3886 175 3955 lude
206 3888 317 3979 Apollo
344 3890 443 3954 iratus
473 3884 649 3973 Cyclopas,
685 3884 889 3948 fabricatores
922 3882 1099 3963 lulminum,
1129 3909 1205 3950 cou-

96 3972 147 4041 tim
166 3975 300 4061 sagittis.
344 3974 398 4037 Ob
426 3991 520 4059 quam
550 3992 616 4033 rem
646 3967 748 4054 jussus
770 3979 820 4033 est
839 3967 963 4033 Admeti
987 3970 1072 4053 regis
1093 3993 1206 4037 novem

96 4059 166 4127 annis
185 4072 328 4127 armenta
348 4076 500 4145 pascere,
528 4052 687 4119 divinitate
711 4052 864 4139 deposita.
908 4051 975 4118 Sed
998 4053 1102 4119 Iliona
1123 4057 1206 4143 Hip-

96 4144 230 4233 pulpum,
258 4155 443 4209 revocatum
464 4139 505 4205 ab
524 4137 649 4217 inieris,
675 4136 843 4237 Nymphae
864 4138 1095 4205 commendavit
1115 4140 1205 4227 Ege-

95 4226 159 4311 riae,
183 4244 216 4300 et
235 4252 311 4296 eusn
337 4222 518 4303 Virdium,
546 4224 635 4312 quasi
656 4219 709 4285 bie
730 4245 861 4297 virum,
884 4222 978 4311 jussit
1000 4225 1114 4290 vocari.
1209 4269 1245 4319 40

207 4367 280 4442 d7.
334 4362 506 4455 Minos,
549 4372 707 4433 taurus
747 4372 782 4435 et
819 4360 1057 4436 Hercules.

155 4486 278 4563 hlinos,
299 4483 385 4550 lovis
405 4482 486 4549 lilius
507 4491 541 4547 et
561 4480 728 4565 Europae,
751 4499 847 4564 quum
867 4480 947 4564 patri
965 4483 1201 4550 sacrificaturus

93 4572 240 4642 melleet
259 4568 306 4637 ad
328 4590 418 4648 aras,
441 4567 541 4634 oravit
564 4562 735 4655 potentiam
754 4563 904 4644 numicis,
928 4578 964 4633 ut
987 4565 1116 4655 dignam
1138 4569 1201 4634 aris

752 4676 776 4740 2
