2692 4762
338 246 529 353 ·rrynrp.
558 248 602 367 r.¹
649 246 937 325 sss-sac·
1131 252 1190 329 aa

55 456 128 501 cum
156 431 209 501 his
236 431 364 523 nuptias
386 431 582 522 junxerunt.¹
612 434 647 501 11
689 433 790 526 sipyle
816 457 856 501 ex
876 434 994 501 Iasone
1012 431 1092 502 lilios
1113 456 1188 523 pro-

53 518 176 587 crearit
192 518 345 585 Euneum
365 527 400 584 et
418 517 612 587 Thoantem.
647 457 754 594 llum
774 519 912 609 plurimis
934 518 1047 586 diebus
1068 519 1189 589 detenti

55 615 182 685 essent,
202 604 257 705 ab·
266 600 410 669 Hercule
429 602 521 693 objnr
545 602 832 705 atiodiscesserunt
865 604 1058 671 Lemniades
1079 618 1190 709 autern

56 687 476 842 ttrffiffltittt
492 688 693 841 „nillil”
717 702 945 862 Attuli
965 712 1210 863 {ittuntur

56 871 105 927 est
125 868 241 947 capsa,
261 870 296 927 et
308 856 471 923 Nemeum
494 856 678 946 deportata,
705 873 740 930 ot
758 860 931 950 Lycurgo,
958 860 1099 948 regionis
1119 862 1188 951 ejus

58 944 151 1033 regi,
177 944 213 1011 in
232 942 414 1011 servitutem
433 941 596 1013 distrama

255 1076 350 1157 151.
400 1080 591 1157 Danaas
627 1093 672 1157 et
704 1078 969 1184 Aegyptus.

140 1200 293 1283 Danaus,
311 1198 383 1268 usu
401 1199 503 1281 filins,
525 1223 566 1267 er
586 1199 727 1291 pluribus
746 1200 934 1288 conjugibus
955 1201 1185 1292 quinquaginta
1218 1216 1225 1225 ’

59 1286 139 1355 lilim
157 1288 286 1368 halatu
313 1283 510 1389 totidemque
529 1286 629 1354 frater
648 1285 717 1389 ey'ns
739 1292 904 1374 Aegyptus
925 1287 1023 1369 filios,
1043 1290 1098 1377 qui
1116 1290 1227 1359 lla-lu

61 1394 157 1439 naum
187 1372 340 1451 fratrem,
368 1381 404 1438 ut
429 1371 509 1438 lilras
534 1370 605 1438 filiis
624 1394 689 1440 suas
709 1370 741 1436 in
763 1371 993 1439 matrimonium
1014 1373 1186 1462 copularet,

60 1455 236 1545 postularit.
275 1456 427 1535 Danaus,
458 1477 613 1544 responso
642 1465 777 1543 accepto
806 1478 826 1520 a
855 1455 929 1537 diis,
958 1458 1045 1560 quod
1072 1460 1187 1609 generi

60 1543 108 1608 sui
128 1541 273 1609 manibus
294 1540 454 1621 interiret,
481 1542 586 1628 Argos
614 1543 777 1629 profectus
803 1550 853 1605 est
880 1552 913 1607 et
935 1565 1051 1630 primus
1094 1545 1188 1612 icitur

60 1649 169 1693 narem
183 1626 308 1705 seciam,
328 1647 349 1693 a
369 1626 458 1693 cu'us
476 1627 602 1691 nornine
620 1631 707 1712 Argo
728 1623 813 1691 diota
830 1637 878 1692 eat
894 1627 991 1693 navis.
1021 1632 1186 1718 Aegyptus

60 1712 154 1779 mittit
172 1712 254 1779 lilios
273 1732 350 1778 suos
367 1650 419 1778 ad
430 1709 683 1799 persequendum
708 1710 852 1791 fratrem,
882 1710 995 1801 hisque
1012 1717 1229 1816 praecepitur

61 1808 97 1865 ut
126 1808 183 1863 aut
207 1796 355 1864 Danaum
390 1795 587 1871 occiderent,
618 1809 674 1864 aut
700 1794 828 1861 domum
859 1817 922 1860 non
954 1796 1109 1878 redirent,
1152 1813 1189 1868 ut

23 1896 26 1901 ·
62 1886 192 1968 Agenor
208 1881 274 1948 filio
294 1879 419 1948 Cadmo
438 1881 657 1969 imperaverat
699 1881 764 1956 Qui
784 1893 949 1968 postquam
967 1887 1071 1970 Argos
1090 1906 1185 1949 rene-

61 1978 149 2047 runt,
170 1979 347 2057 coeperunt
366 1978 511 2054 patruum
529 1989 549 2032 o
593 1987 726 2053 ognare.
763 1965 894 2032 Danaus
915 1967 1188 2056 postquamvidit,

61 2075 97 2117 aa
125 2072 191 2118 noo
221 2073 316 2154 ppsse
349 2050 513 2154 resistere,
549 1990 628 2154 hllos
662 2074 736 2117 suas
771 2050 819 2153 eis
854 2073 969 2154 uxores
1000 2053 1186 2142 spopondit;

64 2157 147 2224 quae
170 2150 270 2225 patrus
285 2157 376 2226 jussu
397 2158 429 2202 ru
449 2147 545 2204 nocte
567 2159 650 2203 rrros
671 2157 746 2207 suos
768 2157 932 2203 universae
952 2140 1230 2221 interfeceruntao

62 2233 189 2372 &tamer
208 2222 487 2313 Clytemestram,
514 2243 598 2308 quae
626 2220 693 2288 sola
715 2220 847 2310 Lynceo
870 2222 935 2287 riro
956 2246 1014 2289 suo
1036 2225 1188 2314 pepercit

94 2306 116 2371 h
144 2306 210 2372 hoc
235 2305 338 2375 scelus
359 2304 462 2373 Donni
485 2304 570 2372 filiae
591 2304 677 2395 apud
696 2305 815 2371 inferos
836 2305 898 2372 hac
917 2305 1065 2377 dicuntur
1084 2333 1190 2399 poena

62 2388 250 2469 mmmm,
276 2403 314 2459 ut
333 2413 447 2480 aquam
467 2390 500 2457 in
521 2390 640 2458 dolium
657 2403 822 2480 pertusum
845 2391 975 2460 mittant

61 2529 156 2606 155.
208 2532 415 2607 Historia
438 2529 640 2605 llas-doni
665 2542 707 2605 et
731 2500 1193 2633 Origo'l'rojanorum.¹

146 2649 318 2723 Dardanus
342 2663 375 2719 et
399 2651 500 2719 Iasius
522 2652 636 2719 fratres
658 2651 801 2732 luerunt,
832 2651 1000 2729 Electrae,
1031 2649 1114 2717 filiae
1134 2655 1230 2724 At-sa

64 2734 174 2817 lautis,
193 2736 264 2816 firm
299 2734 357 2804 sed
379 2734 549 2805 Dardanus
570 2736 730 2817 delore,
760 2735 862 2804 Iasius
886 2734 929 2802 de
949 2736 1093 2823 Corytho
1115 2760 1190 2825 pro·

65 2834 191 2889 creams
204 2833 271 2901 est,
291 2845 312 2889 a
331 2818 420 2889 cu’us
441 2822 567 2888 nomine
586 2842 677 2889 mons
698 2834 731 2889 et
751 2820 900 2925 oppidum
922 2842 1035 2886 nomon
1057 2823 1190 2909 accepit

64 2906 184 2975 Postea
210 2906 328 2974 lasium
355 2844 470 2973 dicitur
497 2904 668 2973 Dardanus
700 2907 865 2974 occidisse.
906 2904 996 2975 Idem
1019 2904 1190 2974 Dardanus

64 2992 105 3057 ab
124 2990 237 3059 ltaliae
256 2992 389 3079 regione
407 2990 547 3073 Tuscia,
580 3014 618 3058 ex
645 3013 800 3080 responso
825 2991 929 3057 locum
954 3001 1095 3067 mutans,
1132 3013 1190 3079 per

66 3075 237 3144 'l'hraciam
250 3078 380 3142 Samum
397 3073 519 3143 delatus
535 3088 603 3157 est,
623 3099 717 3164 quam
740 3074 991 3144 Samothraciam
1011 3077 1231 3148 nominarituu

64 3160 108 3228 Et
127 3162 203 3229 hinc
222 3161 265 3228 ad
279 3160 455 3251 Phrygiam
472 3159 613 3241 devenit,
634 3184 728 3250 quam
743 3161 937 3229 Dardaniam
954 3185 973 3227 a
989 3182 1048 3227 suo
1064 3163 1190 3227 nomlno

65 3246 252 3315 nominarit:
281 3269 320 3314 ex
341 3269 404 3332 quo
427 3258 518 3313 natus
543 3260 592 3313 est
611 3245 854 3321 Erichthonius,
886 3245 990 3333 quiin
1019 3246 1085 3312 istis
1112 3246 1189 3314 locis

67 3354 83 3396 r
126 3332 218 3399 norit
259 3330 309 3397 Ex
326 3330 533 3399 Erichthonio
554 3332 655 3411 Tros,
677 3331 729 3418 qui
746 3332 865 3424 justitia
891 3343 924 3398 et
945 3331 1062 3419 pietate
1082 3330 1190 3398 lauda-

68 3416 96 3481 h'
109 3439 135 3484 rs
157 3416 233 3497 luit3
259 3416 359 3503 isque,
381 3427 417 3482 ut
437 3416 618 3501 memoriam
640 3419 689 3484 sui
710 3418 841 3485 nominis
862 3416 999 3495 laceret,
1021 3415 1191 3484 Erichtho·

68 3502 149 3568 niam
176 3500 309 3591 'l'roy'am
332 3501 514 3569 momiuarit
556 3501 620 3575 Qui
649 3502 741 3569 etiarn
770 3503 856 3569 'l'ros
880 3501 960 3568 filios
981 3501 1091 3568 habuit
1109 3503 1231 3584 llum35

68 3588 326 3674 Assaracumque.
366 3586 440 3663 Ille,
469 3586 543 3675 quia
568 3587 668 3675 major
687 3599 763 3653 natu
789 3599 875 3665 erat,
900 3587 1060 3673 regnarit,
1094 3601 1189 3675 atque

69 3671 198 3761 'frojam
219 3669 262 3736 de
283 3693 342 3737 suo
364 3672 489 3737 nomine
509 3671 597 3736 llium
620 3672 796 3737 nominavit.
830 3675 1003 3739 Assaracus
1021 3697 1039 3737 n
1056 3674 1191 3760 primatu

70 3759 207 3824 recessit
249 3757 314 3822 Ilus
342 3755 593 3845 Laomedontem
616 3759 712 3822 hlium
733 3756 848 3824 habuit
891 3758 942 3823 Ex
971 3758 1192 3827 Laomedonte

72 3842 1049 4014 liuhidi?:lluthritt³lhlltl0ttll³
1070 3866 1108 3911 ⁰¹
1127 3869 1234 4011 ‘¹⁰⁰,0

116 4061 208 4137 156.
262 4063 539 4159 Laomedon,
579 4066 809 4140 Hercules
846 4079 888 4140 et
925 4068 1141 4141 Hesiona.

153 4179 340 4247 Laomedon
375 4207 431 4251 rex
468 4185 528 4250 luit
566 4185 795 4274 Troianorum,
832 4197 922 4272 pater
951 4187 1079 4251 Priami.
1130 4186 1193 4261 Qui

78 4265 163 4350 petiit
181 4266 363 4354 Neptunum
390 4282 423 4339 et
449 4269 636 4359 Apollinem,
667 4282 701 4337 ut
729 4269 933 4337 aedificarent
961 4272 1091 4359 'frojam
1120 4293 1193 4361 pro-
