2640 5130
172 226 231 303 uo
456 225 696 330 arms.
754 229 1009 309 ars-rso.

172 411 329 481 {rm
368 409 524 479 flatum
549 421 657 479 autem
681 411 815 481 insulam
841 415 1034 487 Electridem
1059 419 1124 488 sire
1147 420 1300 496 Febrem,

172 520 258 587 quae
275 509 326 564 est
343 494 432 562 hurd
448 495 545 584 louge
564 519 585 562 a
604 496 754 567 Calabria
773 499 804 566 in
826 517 999 592 conspectu
1015 505 1209 573 Tarentinae
1224 507 1300 572 civi·

174 585 258 652 tatis.
298 581 385 657 Qui·
412 591 447 648 et
473 578 516 646 de
543 581 592 683 liis
612 584 722 652 aribus
741 582 876 669 dieitur,
908 590 995 677 quod
1015 591 1150 658 Graecis
1168 590 1298 658 neribus

172 668 278 735 hetae
296 675 483 748 oooumaut,
508 664 640 737 lacunas
664 669 868 740 vehementer
887 672 1026 762 fugiant,
1056 698 1214 746 memores
1236 677 1298 743 uri-

148 754 257 844 sginis
276 773 364 820 suae.

229 940 324 1018 tlt,
375 941 561 1020 Euboea
596 944 750 1019 insula
792 956 836 1019 et
871 946 1117 1048 Nauplius,
1159 949 1240 1025 Pa·

547 1045 735 1122 lamedis
770 1059 912 1147 pater.

253 1170 390 1239 Euboea
409 1172 510 1241 insula
530 1185 597 1257 est,
616 1174 647 1242 in
667 1196 732 1265 qna
755 1189 848 1242 mons
869 1172 1072 1264 Caphereus,
1092 1175 1179 1244 circo
1199 1201 1298 1267 quem

173 1257 291 1324 Graeci
338 1258 440 1331 eriere
464 1260 649 1347 naufragio:
684 1260 757 1348 qnia
785 1258 955 1350 Nauplius,
982 1259 1162 1328 Palamedis
1191 1278 1297 1352 pater,

131 1340 284 1410 lodolens
335 1343 398 1409 ‘um
418 1365 510 1410 sunm
534 1344 670 1412 lucdono
691 1355 865 1419 mortuum,
885 1367 980 1433 quum
1000 1344 1128 1447 vidisset
1147 1349 1295 1417 Graecos

169 1427 1296 1604 tttttttnllttttntltttt‘ttttttttt‘ltn‘itit-⁸,

168 1607 203 1665 et
225 1598 308 1667 inter
327 1599 516 1688 asperrimos
537 1600 684 1690 scopulos
705 1597 906 1689 naufragium
926 1540 1129 1691 pertulerunt

350 1783 444 1861 145.
497 1781 602 1859 Alia
637 1784 819 1861 Euboea
854 1799 900 1862 et
931 1787 1107 1864 Cumae.

128 1928 166 1980 1⁶
254 1911 390 1980 Euboea
408 1912 483 1980 item
506 1909 606 1980 insula
624 1924 689 1994 est,
718 1911 760 1979 de
784 1913 874 2004 eujus
893 1915 1017 1982 civitate
1037 1911 1191 1981 Chalcide
1211 1937 1293 2004 pro·

171 1997 248 2065 fecti
277 2009 351 2065 sunt
381 1997 424 2063 ad
451 2018 549 2065 novas
580 1994 674 2065 sedes
704 1997 921 2085 quaerendam
959 2011 993 2067 et
1027 1997 1113 2063 haud
1142 2000 1239 2086 longe
1271 2025 1291 2070 a

167 2084 276 2186 Bajis·
312 2082 365 2187 qpi
390 2083 479 2149 locus
508 2105 529 2149 a
554 2083 642 2148 socio
670 2082 768 2151 Ulixis
795 2083 894 2187 ⁸⁸l⁰²
922 2082 983 2149 illic
1002 2083 1140 2171 sepulto,
1174 2107 1291 2152 nomeu

167 2183 292 2272 accepit
331 2180 515 2270 revenerunt
536 2189 669 2253 vacuum
689 2166 777 2249 litus,
804 2169 877 2248 ubr,
905 2168 970 2235 risa
994 2167 1125 2234 muliere
1144 2171 1290 2255 gravida,

167 2268 322 2322 civitatem
351 2251 578 2332 condideruuu
640 2274 700 2319 uae
729 2275 781 2320 res
808 2252 974 2321 secundam
1002 2250 1189 2321 ostendebat
1220 2255 1289 2321 lore

124 2360 234 2442 norem
257 2337 432 2494 ppblicpirp3
462 2349 496 2406 et
522 2360 592 2406 eam
662 2362 738 2406 mas
759 2350 927 2422 vocarunt,
952 2337 1018 2407 sire
1038 2362 1059 2407 a
1077 2354 1289 2427 praegnante,

165 2448 271 2493 snea
314 2446 356 2492 nn
405 2473 415 2492 .
544 2486 547 2491 ,

398 2593 491 2671 146.
544 2591 753 2694 Melager
783 2606 828 2669 et
858 2591 1053 2669 Oeneus.

122 2764 132 2793 ι
248 2728 397 2806 Oeneus,
418 2740 510 2816 pater
528 2722 635 2816 Tydei
656 2734 689 2790 et
708 2719 881 2811 Meleagri,
900 2721 1088 2790 Partlraouis
1109 2723 1207 2804 filids,
1228 2742 1287 2791 rex

164 2812 323 2894 Aetoliae,
345 2814 433 2904 cujus
455 2812 563 2881 civitas
582 2822 631 2876 est
652 2805 798 2898 Calydon
816 2806 1012 2875 nobilissima.
1045 2810 1286 2900 llic-summam

122 2910 354 2985 25potestatem
382 2898 474 2986 regni
503 2898 550 2965 sui
578 2894 713 2962 turbarit
733 2892 936 2982 neglegentia
959 2915 1131 2962 sacrorum.
1173 2898 1286 2973 Annua

163 2984 318 3072 siquidem
340 2996 412 3051 voto
433 3006 491 3073 pro
512 2980 633 3085 imperii
655 2979 807 3046 fructibus
828 2977 1007 3055 celebrans,
1027 3001 1141 3046 numen
1160 2978 1285 3046 Dianae

160 3071 344 3151 contemsit3
368 3082 498 3159 propter
517 3089 605 3218 orpus
629 3064 753 3131 nimiam
773 3061 1020 3152 indigendouem
1039 3086 1207 3154 oppressus
1225 3075 1285 3144 est,

160 3168 197 3221 ut
216 3155 377 3222 rideretur
394 3176 503 3222 omnes
524 3162 723 3242 pacaturus,
751 3149 776 3216 si
798 3149 878 3216 illam
899 3148 997 3217 solam
1019 3150 1191 3216 adorasset
1231 3149 1284 3214 Ea

160 3262 271 3326 aprum
302 3263 445 3306 summae
473 3234 695 3325 magnitudinis
726 3234 849 3322 regioni
879 3233 1019 3316 immisit3
1061 3235 1114 3325 qui
1144 3244 1285 3300 vastator

115 3324 355 3411 cocalydonise
375 3336 480 3393 terrae
502 3325 543 3389 ab
565 3323 650 3390 urbis
671 3332 769 3406 gente
791 3331 840 3387 est
859 3319 1039 3408 appellatus.
1087 3318 1186 3387 Cu'us
1215 3318 1282 3383 Oe-

157 3431 236 3475 neus
267 3411 391 3476 scritate
421 3411 559 3488 fractus,
593 3406 730 3471 edictum
757 3404 820 3472 tale
848 3407 1029 3493 proposuit,
1059 3417 1095 3472 ut
1123 3343 1282 3469 dimidium

158 3496 251 3581 regni
271 3507 393 3582 purtem
410 3507 557 3583 caperet,
589 3492 641 3579 qui
671 3503 845 3557 monstrum
870 3490 1085 3557 interemisset
1126 3488 1209 3554 Mele
1255 3488 1283 3555 ri

156 3579 253 3645 virtus
274 3579 446 3667 periculum
469 3600 530 3643 non
554 3577 685 3665 expauit.
729 3574 892 3664 Siquidem
913 3575 1068 3666 ipse-ejus
1089 3572 1168 3640 lilius
1189 3594 1230 3636 un
1255 3574 1282 3639 i·

156 3685 219 3750 que
234 3663 429 3750 juventutem
451 3662 613 3729 collectam
636 3659 678 3726 ad
705 3661 788 3726 illam
809 3661 879 3727 novi
900 3661 1028 3750 generis
1050 3658 1279 3748 expeditionem

113 3748 287 3826 sevocavit.
333 3749 421 3815 Inter
449 3771 529 3836 quos
560 3747 703 3814 Atalante
736 3747 899 3825 convenit,
938 3747 1011 3814 Iasii
1042 3745 1121 3823 filia,
1157 3766 1281 3810 summa

155 3834 312 3914 venatri13
342 3856 425 3922 quae
452 3834 484 3899 in
511 3832 639 3900 saltibus
668 3831 769 3917 prima
797 3832 933 3899 omnium
955 3830 1149 3920 praedictum
1168 3852 1187 3894 a
1209 3850 1279 3894 rum

152 3918 271 4003 sagitta
293 3917 463 4020 percussit.
506 3918 625 3985 Postea
656 3915 820 4003 Meleager
850 3918 1025 3985 venientem
1053 3916 1084 3982 in
1113 3936 1149 3980 se
1178 3853 1280 3979 liram

151 4004 275 4091 excepit
293 4005 526 4106 interemitqu03
557 4015 591 4070 et
611 4014 722 4088 gratus
745 4003 896 4069 adversus
916 4001 1069 4090 puellam,
1093 4020 1176 4084 quae
1195 3999 1279 4065 inter

151 4087 234 4153 viros
263 4109 414 4155 successu
441 4087 561 4155 virtutis
590 4087 763 4166 enituerat,
798 4087 910 4175 pellem
939 4086 1069 4155 monstri
1097 4084 1176 4150 illius
1205 4106 1278 4149 eum

110 4172 258 4261 accepite
276 4171 320 4238 ad
341 4172 440 4240 leudis
460 4172 539 4239 illius
561 4171 772 4239 testimouium
798 4169 947 4240 eidedit.
988 4172 1024 4238 Si
1045 4190 1173 4248 munus,
1204 4189 1280 4257 per-

151 4268 257 4329 uotum
285 4257 486 4343 fortitudine,
520 4255 634 4326 insidia
665 4254 813 4346 perdidit.
863 4256 1034 4346 Plexippus
1074 4275 1209 4343 namque
1247 4261 1282 4320 ot
