2692 4762
572 259 578 268 '
658 250 753 329 201.
776 252 873 329 2⁰2.
1130 253 1180 329 61

559 469 569 511 τ.
604 440 834 517 Lethaeus
868 440 1056 515 stasim.

549 579 710 657 pergeret,
729 568 867 655 respexit
881 568 1009 635 flurium
1020 565 1179 653 quendam

519 677 647 719 numera
657 651 823 721 multitudo
834 653 985 721 tendebat
996 654 1178 719 animarum.

508 743 531 804 is
561 752 648 807 esset
675 740 803 818 fluvius,
840 740 888 803 rel
908 762 972 827 qua
993 740 1115 803 ratione
1135 740 1177 803 ad

531 824 631 891 Pater
658 825 719 893 uit:
751 824 912 891 Lethaeus
938 836 1005 903 est;
1038 834 1201 911 pergama

467 923 505 975 qt
525 922 558 977 et
578 908 764 975 oblivionem
784 912 957 996 patiantur,
978 922 1014 974 ut
1030 909 1122 997 incipi
1130 923 1178 975 snt

446 997 565 1061 2:1'uctus
591 998 716 1079 Aeneas
742 995 936 1078 interrogat.
979 992 1041 1059 llic
1077 1010 1177 1081 pater.

417 1184 428 1231 ι
454 1092 585 1231 liili‘
605 1080 934 1233 tlffiltttlll
956 1092 1006 1229 ii
1021 1081 1178 1229 :llll

383 1206 597 1329 1d,liberatas
625 1248 668 1316 de
695 1250 838 1337 corporis
866 1272 1015 1317 carcere.
1043 1188 1217 1339 arqusto

357 1340 510 1435 n'ricccpta
537 1335 805 1423 interrogatione,
834 1334 917 1400 haec
943 1334 1094 1400 Anchises
1124 1360 1177 1401 ex-

345 1449 351 1475 .·
370 1416 476 1505 fieri,
505 1430 547 1485 ut
568 1420 732 1500 redeunt,
764 1418 889 1483 deinde
910 1440 1026 1505 posse,
1054 1420 1178 1485 deinde

304 1504 449 1589 quoniam
469 1506 719 1583 obscurabunt,
750 1504 817 1569 aliis
846 1504 1107 1569 subdivisionibus
1131 1506 1177 1569 in-

272 1588 357 1663 ·tuid
380 1604 428 1659 est
444 1590 589 1657 debere?
621 1590 749 1657 Cuncta
777 1588 922 1655 animalia
948 1586 1061 1654 alleo
1081 1587 1177 1675 origi-

243 1697 272 1738 -=.
315 1676 408 1749 Quae
432 1676 506 1763 quia
526 1676 615 1741 nasci
637 1677 812 1746 cernimus.
842 1686 1043 1739 revertuntur
1068 1676 1177 1760 procul
1186 1686 1219 1737 15

230 1763 279 1825 ue
307 1772 423 1827 cuncta
450 1774 668 1849 procreantur.
709 1758 837 1826 Deinde
860 1759 1026 1847 possesio
1047 1760 1176 1845 probat:

201 1842 337 1912 sarculos
356 1856 430 1913 suot
454 1847 596 1928 animae,
623 1857 657 1913 et
683 1858 757 1913 suot
784 1866 868 1933 quae
894 1857 1027 1930 possunt
1055 1847 1177 1911 resecti.

177 1957 192 1994 u
218 1942 282 2010 cst,
304 1940 411 1998 utrum
435 1932 565 2011 veliot3
625 1929 689 1997 uod
718 1930 793 1998 dicit
822 1928 891 1996 fieri
919 1952 978 2017 per
999 1928 1176 1995 Lethaeum

158 2047 184 2080 ..ι.
229 2016 274 2083 Et
305 2014 370 2081 boc
395 2025 460 2095 cst,
487 2014 576 2105 quod
602 1954 749 2085 dianna
783 2026 841 2081 est
900 2014 968 2081 Sed
1000 2013 1176 2083 incidentes

138 2104 252 2167 aiones
273 2099 395 2167 faciunt
414 2101 649 2169 obscuritatem.
692 2102 780 2168 Sane
809 2099 850 2166 de
877 2099 940 2166 hoc
962 2101 1057 2168 liucio
1078 2120 1218 2187 quaest

150 2213 169 2252 a
190 2184 465 2276 prudentioribus,
485 2200 592 2253 utrum
613 2186 656 2252 de
677 2186 734 2253 illis
754 2208 865 2251 norem
887 2187 938 2261 sit,
961 2190 1015 2274 qui
1036 2190 1177 2255 ambiunt

95 2289 226 2354 uiuum,
259 2294 302 2337 an
329 2283 454 2359 praeter
480 2294 602 2338 uorem.
651 2272 697 2339 Et
722 2270 817 2340 datur
843 2271 994 2357 intelligi,
1022 2274 1108 2359 quod
1136 2276 1177 2339 ab

71 2352 109 2419 ΝΞ»
130 2380 242 2424 novem
262 2370 428 2449 seperatus
447 2357 497 2424 sit.
528 2356 677 2443 Namque
697 2356 803 2425 volunt
821 2378 894 2421 cum
916 2380 987 2423 esse
1007 2360 1176 2442 imaginem

69 2446 234 2511 senectutis.
273 2442 358 2508 bum
381 2443 503 2509 animae
529 2457 658 2509 nostrae
686 2442 793 2529 vigent
820 2456 854 2509 ct
878 2440 1111 2523 decrescunt,
1143 2461 1176 2515 et

67 2524 164 2610 plenae
189 2528 344 2595 memoria
373 2549 392 2593 u
419 2528 553 2630 pueritia
584 2549 686 2615 usque
718 2527 761 2593 ad
790 2542 959 2595 senectam.
1001 2530 1120 2598 Postea
1143 2532 1216 2597 inat

66 2609 146 2679 nimia
164 2626 331 2681 senectute
350 2635 450 2679 omnis
471 2613 624 2678 memoria
641 2611 773 2693 labitur;
802 2635 866 2702 qua
886 2612 993 2701 lapsa,
1021 2638 1107 2683 mors
1127 2618 1174 2682 in-

66 2698 202 2779 terreuit,
234 2709 268 2767 et
292 2698 416 2764 animae
440 2698 473 2763 in
499 2696 584 2764 aliud
611 2719 730 2787 corpus
749 2711 958 2766 revertuntur.
1001 2700 1097 2767 b'nde
1117 2704 1175 2768 sin-

102 2793 135 2851 nt
151 2788 278 2873 poetae,
300 2782 430 2863 animas,
449 2782 596 2851 Lethaeo
609 2782 733 2863 hausto,
756 2783 788 2850 in
810 2806 926 2873 corpus
939 2784 1052 2851 redire.
1083 2788 1176 2874 Ergo

156 2892 215 2935 eus
251 2879 302 2935 est
329 2869 461 2947 obliuio,
501 2870 594 2935 morti
621 2889 749 2957 semper
786 2872 895 2936 vicina.
938 2872 973 2935 Si
1002 2873 1106 2937 anima
1127 2887 1176 2940 est

64 2964 200 3034 merua,
226 2966 260 3022 et
278 2956 390 3021 summi
410 2954 537 3043 spiritus
559 2976 650 3042 pars,
680 2976 744 3043 qua
763 2954 934 3023 rationein
956 2978 1093 3057 corpore
1112 2976 1217 3027 nonan

64 3046 152 3107 utum
171 3036 279 3108 ridet?
298 3060 359 3106 nec
378 3052 428 3106 est
449 3052 557 3106 tantae
577 3038 781 3128 prudentiae,
802 3054 972 3127 tantaeque
993 3042 1175 3127 vivacitatis,

63 3136 92 3190 ot
117 3124 221 3191 omnia
246 3124 349 3213 possit
376 3124 578 3213 agnoscere?
620 3126 722 3191 lmmo
753 3128 827 3213 quia
860 3126 966 3213 coepit
996 3128 1027 3192 in
1058 3152 1175 3218 corpus

65 3206 265 3291 descendere,
288 3219 379 3297 potat
398 3210 558 3277 stultitiam
580 3221 613 3277 et
633 3209 827 3277 obliuionem.
869 3210 965 3277 Unde
986 3234 1048 3277 non
1070 3232 1175 3305 potest

63 3288 179 3385 inplere
199 3296 259 3362 vim
280 3296 414 3362 numinis
434 3295 483 3362 sui
518 3307 590 3383 post
612 3308 745 3362 naturae
763 3318 843 3365 suae
859 3295 1054 3368 oblivionem.

354 3466 451 3543 202.
515 3468 638 3569 Fuga
660 3463 862 3544 Aeneae.
1179 3514 1215 3563 35

132 3598 272 3677 Aeneas,
302 3596 434 3665 Veneris
460 3606 495 3663 et
514 3596 672 3661 Anchisae
691 3593 789 3673 lilius,
817 3596 850 3661 in
871 3597 1034 3667 eversione
1053 3604 1173 3693 'l'rnjao

64 3675 130 3747 deos
157 3695 309 3773 penates,
343 3696 376 3751 et
402 3692 544 3771 patrem,
582 3693 616 3748 et
644 3678 739 3747 lilium
765 3683 932 3749 Ascanium
960 3708 999 3751 cx
1026 3688 1172 3759 incendi«,

64 3765 181 3855 cripuit,
210 3780 244 3835 ct
271 3790 344 3834 cum
372 3767 421 3834 his
451 3768 483 3831 in
507 3765 595 3832 ldum
618 3778 756 3832 montem
776 3768 875 3849 reuit3
907 3770 1014 3857 ibique
1036 3775 1095 3841 xx
1118 3802 1172 3844 na-

64 3850 137 3920 ribus
165 3854 344 3933 lubricatis,
375 3852 535 3940 responsis
565 3850 696 3917 deorum
717 3854 870 3933 monitus,
901 3875 989 3921 mare
1009 3858 1171 3946 ingressus

64 3950 117 4017 est,
145 3950 178 4006 et
198 3938 241 4006 ad
262 3937 434 4005 Thracium
457 3938 556 4015 vonit,
583 3936 688 4023 ibique
716 3937 855 4006 condidit
876 3938 1048 4019 ciuitatem,
1077 3972 1213 4035 quamq,

64 4026 169 4091 Aeneas
189 4024 274 4089 idem
297 4022 340 4087 de
359 4046 418 4089 suo
438 4024 564 4087 nomine
584 4022 712 4088 vocavit.
754 4024 835 4088 lude
862 4028 1007 4113 auspiciis
1031 4030 1172 4103 lienium

63 4110 274 4199 fummonitus,
303 4107 345 4173 ud
367 4108 481 4174 Delum
503 4107 632 4173 insulam
654 4108 832 4195 navigas-in
861 4110 966 4197 ibique
987 4136 1041 4179 rex
1064 4121 1171 4199 Anius,

63 4186 130 4259 ulem
162 4209 195 4261 et
227 4191 380 4261 sacerdos
409 4192 572 4281 Apollinis,
611 4206 689 4259 erat.
750 4194 875 4260 Exhinc
911 4198 1074 4283 proiectus
1113 4228 1171 4291 pm·

64 4270 203 4361 cscindas
233 4279 366 4355 insulas,
402 4280 484 4346 veuit
514 4279 555 4344 ad
577 4279 705 4347 Cretam
726 4278 874 4359 insulam,
905 4282 1020 4371 inqua
1044 4287 1170 4373 Perga-
