2640 5130
376 623 557 726 Mythogr.
585 624 637 699 Π.
692 621 784 698 161.
814 620 906 698 165.
1135 622 1208 699 151

80 833 184 899 aquae
206 822 423 896 erumperent,
454 832 511 897 pro
529 830 593 874 uno
615 809 701 875 sonte
722 807 821 874 tribus
843 807 1098 895 emergentibus,
1127 810 1211 874 Her-

80 898 168 963 cules
190 894 415 982 deprehendit,
441 918 534 960 venas
558 906 663 962 terrae
681 892 826 958 incendio
848 914 943 980 posse
964 892 1084 974 claudi;
1117 907 1212 983 atque

79 982 154 1048 ideo
176 997 343 1069 postquam
373 979 516 1047 exhausit
544 977 679 1048 eundem
706 978 827 1054 locum,
855 979 963 1063 ignem
990 977 1148 1060 adhibuit,
1179 994 1213 1049 et

80 1067 127 1134 sic
148 1089 251 1155 aquae
273 1063 384 1132 clabsit
408 1079 549 1145 meatus,
579 1077 613 1133 et
633 1063 834 1130 habitabilem
856 1062 1010 1129 Arcadiae
1031 1063 1118 1176 iecit
1151 1143 1155 1151 ⁴

306 1233 397 1307 161.
451 1231 655 1307 Antaeus
684 1244 726 1306 et
752 1221 989 1308 Hercules.
1218 1271 1236 1319 5

164 1364 302 1429 Antaeus
320 1384 374 1426 rex
396 1360 454 1426 luit
474 1359 616 1449 Libyae,
636 1359 716 1442 filius
739 1360 871 1426 Terrae.
905 1360 972 1428 Hie
986 1383 1084 1450 quum
1100 1360 1214 1448 multos

79 1447 233 1535 singulari
254 1445 425 1512 certamine
446 1458 590 1521 necaret,
610 1468 720 1512 eorum
741 1446 847 1533 capita
866 1445 979 1513 domus
996 1470 1073 1513 suae
1094 1446 1213 1513 loribus

79 1533 123 1599 ad
152 1531 302 1597 indicium
330 1530 452 1598 virtutis
480 1530 705 1619 praeponebat
757 1530 805 1596 Ad
836 1553 931 1619 quem
961 1554 1057 1620 quum
1079 1532 1215 1599 venisset

79 1617 255 1696 Hercules,
284 1616 391 1703 coepit
421 1638 495 1681 oum
521 1639 560 1680 eo
580 1615 700 1682 luctari.
740 1614 787 1681 Et
806 1637 902 1701 quum
918 1615 985 1704 Jam
1006 1618 1037 1682 in
1060 1632 1213 1696 coesset,

79 1717 117 1770 ut
144 1705 185 1770 ab
214 1699 356 1768 Hercule
386 1699 578 1781 vinceretur,
622 1696 789 1767 simulabat
823 1722 950 1783 casum3
993 1700 1051 1768 sed
1086 1724 1256 1790 sempecta
1300 1697 1306 1707 ’

79 1790 210 1861 sortior,
242 1784 386 1853 resumtis
415 1786 529 1852 viribus
565 1787 685 1871 (matre
705 1782 811 1851 Terra
835 1786 916 1850 sires
940 1785 969 1851 ei
995 1787 1213 1873 suggerente)

80 1874 225 1941 surrexit.
266 1870 363 1946 Quod
394 1871 448 1936 ubi
469 1870 643 1950 Hercules,
678 1871 813 1937 monitos
835 1870 1032 1951 aMinerra,
1061 1873 1213 1960 percepit,

81 1982 154 2024 eum
174 1959 288 2025 iterum
309 1953 428 2022 cadere
450 1955 603 2024 volentem
628 1952 753 2039 extulit,
784 1977 804 2022 u
832 1965 981 2046 terreque
1007 1955 1213 2047 suspendens,

61 2045 151 2131 'ejus
172 2056 284 2131 guttur
305 2040 393 2109 ebsit

354 2258 361 2274 ι
461 2207 837 2287 1611611111.
1220 2253 1255 2303 15

167 2340 317 2420 Oeneus,
351 2336 543 2406 Parthaonis
564 2335 661 2417 lilius,
698 2340 804 2431 Tydei
837 2349 944 2429 pater,
977 2360 1033 2406 rex
1064 2336 1215 2407 Aetoliae,

83 2422 177 2490 filiam
207 2426 332 2490 nomine
359 2423 541 2490 Deianiram
569 2422 698 2506 habuit,
725 2450 746 2493 a
770 2425 873 2492 multis
899 2425 932 2490 in
958 2424 1141 2511 conjugium
1162 2448 1216 2489 ex-

83 2522 235 2595 optatam.
277 2511 382 2585 Quam
403 2530 499 2598 quum
521 2508 676 2576 Hercules
698 2522 730 2580 et
750 2510 924 2590 Achelous,
948 2511 1089 2575 Aetoliae
1107 2510 1216 2585 amnis,

81 2617 149 2660 uno
171 2607 314 2682 tempore
335 2604 494 2683 peterent,
527 2607 719 2682 acceperunt
746 2596 850 2683 legem
879 2597 920 2661 ab
945 2595 1077 2675 Oeneo,
1108 2595 1217 2682 utqui

82 2681 197 2746 virtute
218 2691 416 2766 superasset,
437 2679 618 2744 Deianiram
639 2678 781 2747 duceret
813 2680 918 2766 igitur
940 2681 1062 2768 egressi
1082 2680 1123 2746 ad
1146 2702 1260 2752 cer-20

83 2778 208 2844 tamen,
230 2788 325 2853 quum
346 2776 550 2852 superaretur
570 2764 726 2831 Achelous
742 2767 783 2832 ab
799 2763 956 2844 Hercule,
978 2775 1116 2832 mutatur
1129 2764 1216 2831 initio
1291 2800 1294 2805 ·

83 2850 116 2915 in
140 2851 303 2929 breuem,
324 2872 397 2915 mox
416 2849 447 2913 in
469 2847 659 2930 draconem,
680 2850 774 2919 tertio
792 2850 825 2916 in
846 2863 989 2930 taurum,
1018 2873 1112 2938 quem
1132 2850 1218 2916 Her-

85 2876 174 3001 cubes
194 2937 354 3023 amplexus
366 2933 588 3008 reluctantem,
610 2956 726 3016 cornu,
747 2933 833 3025 quod
847 2935 1058 3023 implicarerat
1071 2935 1218 3016 brachiis,

85 3021 193 3108 fregit.
246 3020 342 3095 Quod
379 3020 543 3085 Fortunae
578 3018 678 3086 fertur
719 3043 942 3099 consecrasse,
978 3042 1049 3085 eum
1077 3043 1141 3108 quo
1169 3020 1219 3084 ille

85 3108 211 3193 copiam
234 3104 347 3172 dicitur
368 3104 491 3170 iecisse.
534 3102 629 3170 'Pune
649 3104 816 3194 Nymphae
838 3104 975 3184 Naides,
1003 3105 1086 3171 filiae
1116 3104 1260 3175 dumi-25

84 3190 153 3269 nis,
174 3191 365 3266 effecerunt,
386 3199 421 3255 ut
438 3187 471 3253 id
492 3187 577 3274 quod
597 3203 741 3276 ereptum
762 3200 848 3270 erat,
870 3189 1100 3257 autumnalibus
1120 3189 1219 3275 copiis

84 3275 271 3362 repleretur.
313 3272 409 3341 Unde
426 3273 554 3339 dicitur:
577 3274 687 3339 Pleno
705 3275 805 3361 eopia
825 3297 940 3340 cornu.
973 3276 1127 3347 Quoniam
1139 3274 1222 3341 sicut

85 3382 187 3428 cornu
210 3383 338 3427 caruem
358 3358 588 3447 supercrescit,
616 3357 660 3426 ita
679 3358 805 3426 divitiae
826 3358 903 3426 soris
924 3358 1220 3458 stipanthominem.

83 3446 124 3512 ln
155 3468 255 3512 cornu
284 3456 333 3512 est
359 3445 454 3510 rirtos
482 3443 675 3522 animalium,
705 3456 739 3512 et
767 3443 913 3511 fortunae
942 3441 1023 3509 ures
1050 3444 1082 3509 in
1111 3443 1221 3525 divitiis

85 3543 251 3605 coustant,
283 3542 318 3597 ut
347 3528 477 3597 dicitur:
515 3527 562 3592 Et
591 3550 704 3616 genus
734 3539 768 3594 et
793 3529 923 3601 virtus,
957 3527 1030 3591 nisi
1061 3551 1139 3594 cum
1174 3551 1263 3605 re,30

84 3617 194 3681 vilior
212 3615 299 3701 alga
319 3625 381 3679 est.
424 3613 558 3682 Dicitur,
575 3625 678 3678 autern
702 3612 858 3679 Hercules
881 3611 982 3678 eidem
1004 3613 1099 3679 fluvio
1121 3635 1221 3679 cornu

85 3700 275 3778 abstulisse,
306 3698 379 3785 quia
408 3720 502 3786 quum
532 3695 657 3764 duobus
685 3698 778 3765 alveis
809 3697 1024 3776 redundaret,
1065 3699 1221 3783 Hercules

86 3807 185 3849 nuum
208 3781 402 3851 obstruendo
424 3782 588 3870 prohibuit„
631 3783 788 3849 Hercules
810 3798 933 3862 autern,
965 3782 1047 3849 ricto
1071 3783 1221 3861 Acheloo,

85 3870 270 3937 Deianiram
293 3867 382 3934 duxit
404 3891 549 3944 uxorem,
577 3878 610 3934 et
636 3869 677 3933 ab
699 3891 737 3933 ea
759 3870 937 3955 procreavit
954 3866 1068 3946 filium,
1097 3871 1222 3933 nomiue

86 3954 227 4044 Hyllum.
270 3953 338 4020 Sed
356 3954 512 4018 Hercules
535 3975 631 4039 quum
652 3951 692 4016 ad
714 3955 842 4019 flurium
860 3953 1002 4018 Euenum
1017 3953 1263 4038 pervenissetus

87 4063 160 4106 eam
177 4040 335 4128 deposuit,
357 4039 540 4124 claramque
561 4060 633 4103 com
654 4037 779 4125 reliquis
803 4039 897 4104 armis
918 4055 1027 4103 secum
1043 4041 1223 4113 transverit,

88 4139 127 4193 ut
153 4139 227 4212 post
252 4138 440 4192 exoneratus
472 4146 542 4188 eam
571 4121 719 4210 expedite
748 4125 856 4189 ferret.
920 4125 1027 4196 Quum
1059 4144 1140 4209 ergo
1181 4127 1223 4189 ad

88 4209 172 4276 illam
202 4208 476 4297 transportandam
505 4206 593 4274 vellet
620 4209 752 4287 reverti,
783 4207 891 4275 videns
917 4207 1055 4272 Nessum
1084 4230 1155 4274 cum
1185 4232 1224 4274 ea

90 4317 159 4360 rem
175 4294 303 4373 babere,
325 4296 442 4380 sagitta
464 4293 557 4358 missa
579 4315 651 4358 eum
670 4293 809 4360 extinxit
843 4292 905 4368 Qui
919 4291 1084 4377 expirans,
1104 4305 1223 4359 vestem

89 4378 263 4445 Deianirae
289 4378 392 4452 dedit,
427 4380 582 4466 sanguine
610 4401 668 4443 suo
697 4381 843 4454 tinctam,
881 4390 917 4443 ut
948 4399 983 4440 se
1010 4375 1267 4456 ulcisceretur,40

93 4478 126 4530 et
146 4466 241 4542 dixit,
271 4463 304 4528 ai
330 4463 449 4530 vellet·
456 4474 619 4548 perpetuo
639 4461 682 4527 cb
701 4463 854 4529 Hercule
874 4460 999 4546 diligi,
1028 4461 1128 4550 claret
1149 4487 1224 4526 eam

92 4546 152 4611 sili
172 4559 298 4614 vestem
319 4547 541 4612 irrduendnm.
585 4546 663 4611 lude
686 4569 785 4635 quum
803 4546 961 4613 Hercules
983 4545 1016 4609 in
1037 4545 1137 4611 insula
1157 4547 1224 4612 En-

91 4633 177 4698 boea
198 4631 382 4700 Oechaliam
404 4633 514 4699 urbem
532 4631 645 4720 Euryti
666 4633 848 4711 evertisset,
878 4643 912 4700 et
932 4628 1019 4698 Iolen
1043 4629 1135 4697 bliarn
1158 4631 1225 4715 ojus

815 4743 838 4806 9
859 4742 873 4773 s
