2640 5130
359 580 542 683 Mptlroqr.
569 580 619 652 ll.
675 578 730 653 94
745 624 794 637 -—
810 580 877 653 98.
1112 586 1186 656 197

40 776 80 840 At
97 770 155 837 ille
178 770 344 835 incensus
363 766 412 832 ira
429 785 550 837 morae,
572 762 818 830 intercedentem
829 775 1041 839 utumoveret,
1059 781 1188 855 sceptro

43 856 229 946 pacusriu
253 852 347 919 unde
365 872 521 940 praeceps
542 850 572 914 in
594 848 716 914 inferna
737 849 880 915 demersa
904 864 970 924 est,
992 866 1024 918 et
1039 851 1070 917 in
1089 855 1188 942 liquo-

42 964 109 1011 re!
129 958 324 1019 comeam
351 935 443 1025 cnjus
465 936 552 1002 heus
574 934 743 1020 contiguus
768 947 816 1001 est
836 937 1019 1003 Arethusae.

404 1114 474 1192 at.
526 1119 848 1222 Proserpina.

130 1248 373 1339 Prusapinam
393 1259 517 1349 autern,
537 1244 570 1312 id
587 1260 640 1350 est
657 1248 912 1338 Persephonen,
934 1258 1055 1338 raptam
1078 1247 1210 1320 aDiteu

55 1348 164 1425 μη,
194 1357 304 1424 quum
331 1335 613 1435 Gereq,·1ncensrs
644 1334 875 1437 tacibnsffiper
904 1336 1013 1401 orbem
1034 1346 1192 1401 terrarum

56 1424 261 1575 'idm’
292 1440 356 1571 nt
374 1429 495 1569 tt.
512 1439 633 1569 titt?
650 1422 828 1572 ltine
847 1419 1192 1573 999ἓὲῗὲἳῖῗέ

58 1508 402 1661 lutropidrbmolamor
422 1525 632 1655 defecatur?
978 1528 999 1595 P
1125 1527 1146 1593 P

461 1754 528 1829 95.
587 1754 799 1832 Ceres.
1199 1771 1234 1821 ¹⁰

147 1880 262 1957 Quum
295 1891 401 1949 antem
429 1883 530 1951 Ceres
559 1880 601 1950 de
627 1883 709 1951 tiliae
737 1880 935 1970 inquisitione
958 1902 1021 1946 non
1044 1892 1195 1959 cessaret,

126 1980 200 2053 pter
238 1965 486 2055 extinguendam
523 1968 605 2037 sitim
633 1969 675 2036 ad
707 1967 865 2056 quendam
903 1968 1022 2032 sontem
1051 1965 1195 2031 accessit.

100 2052 161 2141 jcii
189 2051 323 2132 rustici,
359 2050 501 2120 ridentes
529 2077 618 2129 eam,
650 2077 671 2122 a
700 2066 779 2143 potu
808 2053 979 2141 prohibere
1002 2061 1194 2138 coeperunt3

10 2138 13 2215 l
75 2138 299 2205 muranum
322 2159 364 2204 ne
385 2136 516 2226 pedibus
540 2139 677 2217 sontem,
710 2150 822 2205 contra
842 2160 912 2203 eam
933 2157 1045 2203 sunum
1067 2135 1194 2200 naribus

10 2220 15 2239 ²
77 2222 254 2290 naemm
324 2221 389 2289 nde
407 2222 458 2289 illa
478 2225 558 2292 irata
580 2246 636 2290 eos
659 2223 812 2292 conuertit
833 2222 865 2287 in
887 2244 991 2302 ranas,
1011 2243 1094 2308 quae
1111 2236 1237 2287 nuncto

79 2330 201 2397 quoque
221 2307 264 2375 ad
284 2306 365 2375 illius
384 2310 453 2376 soni
474 2309 677 2379 imitationem
699 2319 844 2376 coaxant

334 2487 403 2565 96.
456 2491 641 2570 Cereris
675 2493 933 2593 inquisitio.

158 2617 262 2685 ceres
291 2639 389 2707 quum
412 2617 636 2710 Proserpinam
665 2631 788 2708 raptam
810 2637 966 2706 quaerere
986 2637 1049 2681 non
1068 2614 1198 2684 desiste·

85 2710 143 2801 tgt,
169 2702 257 2771 veuit
284 2702 328 2769 ad
348 2703 529 2771 Eleusinum
553 2705 708 2772 civitatem
730 2703 772 2770 ad
794 2702 943 2782 Celeum,
970 2722 1083 2789 regem
1103 2703 1198 2768 Athe-

11 2878 16 2891 .
88 2786 240 2855 uastum
288 2788 354 2862 Qui
384 2810 479 2875 quum
508 2788 675 2892 liberaliter
701 2812 772 2890 eam
802 2787 1010 2887 excepisset,·
1025 2798 1107 2885 eta
1136 2803 1242 2874 quoao

11 2962 17 3005 ι
88 2872 1129 3060 ml⁹32?thz.,mittetetilqlilllt't'ttttt
1142 2870 1202 3045 lt

88 3057 220 3191 prm
250 3064 288 3110 se
315 3055 470 3145 nutricem
490 3044 640 3147 promisit.
683 3046 779 3111 Hanc
800 3042 912 3145 regipa
932 3042 1031 3109 libens
1049 3053 1203 3109 nutricem

123 3148 221 3195 orno
244 3139 402 3219 suscepit,
429 3150 522 3218 eique
545 3129 745 3199 nutriendum
766 3127 903 3199 tradidit.

243 3310 313 3387 97.
367 3311 688 3387 immortalitas
725 3310 824 3412 ejus
860 3311 1038 3384 alumni.
1209 3335 1246 3386 aa

164 3440 270 3507 ceres
300 3438 376 3508 dum
407 3442 563 3511 alumnum
590 3464 681 3511 suum
710 3440 801 3507 vellet
830 3437 1036 3506 immortalem
1058 3428 1208 3507 reddere,

84 3522 216 3593 interdiu
245 3522 329 3592 lacte
354 3526 456 3593 divino
488 3529 665 3605 nutriebat,
699 3538 796 3593 noctu
826 3525 906 3591 clam
934 3523 1012 3608 igne
1042 3518 1208 3584 obruebat.

85 3608 197 3698 ltaque
221 3622 352 3697 praeter
379 3634 473 3700 quam
500 3613 582 3680 soliti
601 3622 692 3679 erant
714 3608 861 3677 mortales
883 3607 1059 3675 crescebat.
1099 3602 1209 3677 Quum

83 3694 145 3762 bc
163 3708 259 3784 pater
278 3696 463 3776 miraretur,
490 3709 647 3766 nocturno
668 3709 811 3784 tempore
832 3693 1024 3770 observavit,
1057 3698 1089 3755 et
1110 3709 1208 3774 quum

84 3780 185 3847 ceres
204 3802 341 3883 puerum
365 3783 530 3864 obrueret,
562 3782 753 3849 exclamavit.
794 3778 850 3845 Illa
870 3779 950 3845 irata
968 3773 1131 3842 Eleusium
1147 3794 1252 3873 ’ex-so

83 3866 248 3945 animant,
278 3888 318 3932 uc
343 3865 561 3955 Triptolemo,
590 3868 715 3933 alumno
736 3887 812 3944 suo,
839 3878 1002 3931 aeternum
1024 3857 1211 3957 beneficium

82 3950 225 4017 contulit
267 3949 352 4016 Nam
377 3952 486 4040 fruges
511 3952 540 4017 ei
563 3950 799 4041 propagandas,
821 3963 853 4016 et
872 3970 998 4015 currum
1020 3943 1212 4041 draconibus

84 4034 227 4186 ‘unctupn
256 4034 395 4103 tradidit
438 4037 562 4113 Quibus
591 4037 641 4105 ille
670 4049 779 4105 vectus
802 4037 913 4102 orbem
935 4045 1088 4102 terrarum
1111 4026 1211 4113 frugi-

163 4120 297 4189 oserit.

420 4281 489 4359 98.
543 4287 879 4386 Triptolemus.
1219 4309 1257 4357 ao

170 4408 389 4498 'l'riptolemus
417 4412 575 4479 beneficio
603 4415 734 4482 Cereris
759 4437 856 4518 quum
885 4411 996 4499 fruges
1023 4429 1082 4510 per
1105 4427 1216 4508 omnes

88 4509 259 4581 spargeret
277 4507 410 4579 gentes.
439 4499 481 4564 nd
500 4498 645 4586 Lycum,
667 4500 818 4589 Scythiae
839 4520 970 4585 regem,
991 4505 1093 4569 venit,
1113 4494 1219 4576 ibique

90 4600 194 4666 paene
213 4578 370 4669 deceptus
400 4597 456 4650 est
510 4584 625 4650 volens
653 4587 736 4654 euim
767 4587 876 4674 Lycus
902 4583 953 4665 id,
986 4577 1073 4669 quod
1102 4578 1218 4662 hospes
