2640 5130
354 546 536 649 upum.
564 545 616 621 11.
678 540 933 623 rar-ror.
1139 545 1218 625 rsr

460 732 554 809 187.
624 730 842 808 Oebalus.

166 861 308 932 Oebalus
328 859 407 929 filius
429 861 489 931 luit
509 861 640 930 Telonis
659 871 694 928 et
714 857 884 950 Nymphae
904 855 1113 929 Sebethridis.
1155 863 1219 949 Qui

84 945 190 1017 'l'elon
208 949 262 1014 diu
282 947 438 1034 regnarit*
448 946 534 1050 apud
564 950 725 1036 Capreas,
762 943 896 1011 imolam
916 955 1029 1011 ooutm
1049 945 1216 1035 Neapolim

84 1036 186 1103 sitam.
231 1032 328 1101 Filius
350 1057 425 1100 vero
446 1058 535 1124 epus,
563 1033 661 1122 patris
682 1050 745 1098 nou
767 1039 935 1096 contentus
951 1029 1099 1120 imperio,
1133 1047 1218 1100 tran

84 1121 137 1188 siit
157 1117 200 1186 ad
221 1120 442 1208 Campaniam,
475 1130 509 1188 et
525 1118 630 1188 moltis
649 1115 774 1209 populis
795 1113 991 1204 subjugatis,
1024 1138 1117 1186 suum
1138 1119 1240 1187 dila-a

85 1205 164 1274 terit
182 1204 356 1295 imperium.

478 1399 573 1480 188.
630 1405 824 1484 Maleas.
944 1435 950 1450 κ

170 1533 293 1603 Maleus
320 1533 502 1602 'Pusoorirm
527 1555 586 1601 rex
617 1534 693 1616 luit,
727 1534 783 1623 qui
809 1532 928 1622 primus
956 1535 1065 1602 tabam
1092 1533 1218 1602 invenit

86 1619 120 1687 Is
149 1643 247 1709 quum
273 1619 437 1710 piraticam
468 1631 651 1701 exerceret,
683 1631 717 1688 et
744 1640 832 1685 mare
857 1621 1097 1708 tempestatibus
1131 1633 1216 1692 esset

87 1704 252 1778 infestum,
283 1716 439 1782 montem,
468 1703 521 1791 qui
546 1727 630 1772 nuno
650 1705 694 1772 ab
714 1726 754 1772 eo
783 1701 886 1770 Malea
912 1718 1063 1787 vocatur,
1089 1704 1250 1772 insenius

89 1791 153 1865 Qui
173 1802 207 1859 et
226 1790 397 1879 Apollinem
416 1788 642 1857 Maleoticum
659 1789 703 1858 de
729 1811 789 1859 suo
818 1788 992 1872 vocabulo,
1017 1801 1053 1860 ut
1077 1802 1218 1861 montera

89 1875 192 1965 ipsum
211 1877 368 1943 Maleam
388 1873 568 1942 nominarit.

463 2073 559 2153 189.
618 2075 834 2159 Codrus.

174 2227 304 2299 Codrus
323 2229 387 2298 dux
408 2229 642 2299 Atheniensium
663 2231 741 2313 luit,
774 2231 828 2320 qui
858 2239 932 2300 orto
950 2219 1034 2299 ballo
1052 2231 1133 2301 inter
1153 2233 1218 2301 La-

91 2338 190 2384 oonas
222 2328 255 2383 et
282 2318 504 2397 Athenienses,
544 2339 642 2406 quum
679 2317 896 2406 respondisset
925 2317 1104 2397 oraculum,
1140 2319 1258 2384 illusus

88 2424 188 2491 posse
214 2401 370 2478 vincere,
400 2423 545 2490 qaorum
572 2401 647 2468 dua
670 2403 840 2490 perisset,
871 2401 980 2471 habitu
1009 2404 1116 2470 humili
1145 2425 1220 2507 prp-

91 2488 197 2553 sectos
217 2497 267 2552 est
287 2485 329 2550 ad
350 2487 486 2553 hostium
515 2486 616 2553 rioina
642 2489 794 2570 tentoria,
825 2497 859 2555 et
885 2486 946 2554 illio
967 2489 1077 2580 jurgio
1106 2511 1162 2555 eos
1187 2512 1222 2555 m

89 2593 200 2724 susp:1¹
210 2569 342 2641 eaedem
369 2570 551 2661 instigavit,
585 2582 620 2640 et
644 2593 667 2640 a
693 2571 777 2640 nullo
810 2573 977 2662 cognitus,
1012 2576 1088 2644 lecit
1115 2574 1224 2643 loounr

86 2677 147 2724 ora
200 2679 229 2723 o.

451 2850 546 2931 190.
606 2854 859 2936 Croesus.
1225 2895 1264 2948 20

177 3015 339 3097 Croesus,
354 3035 411 3081 rex
430 3011 612 3103 Lydorum,
633 3013 800 3103 aliquando
820 3040 841 3086 a
862 3017 970 3170 θέτο,
1002 3037 1084 3105 rege
1104 3017 1222 3084 Persa·

92 3121 183 3182 rum,
205 3112 334 3188 captus,
362 3120 445 3187 rogo
464 3100 635 3189 superponi
655 3112 705 3169 est
718 3101 837 3192 jussus.
906 3102 993 3169 uhito
1012 3115 1100 3170 tanta
1121 3101 1223 3189 pluria

92 3185 182 3253 saeta
203 3203 262 3267 est,
283 3197 319 3252 ut
337 3185 420 3272 ignis
440 3186 697 3273 extingueretur,
717 3200 751 3254 et
770 3187 839 3277 ipse
858 3187 1059 3254 occasionem
1079 3185 1224 3274 fugiendi

92 3270 258 3339 inveniret
298 3271 374 3337 Hoo
397 3291 494 3358 quom
522 3283 632 3360 postea
652 3294 805 3361 prospere
827 3272 887 3340 sibi
908 3273 1048 3339 evenisse
1069 3271 1224 3360 gloriare·

92 3367 166 3436 tor,
187 3368 259 3424 eto
283 3377 336 3422 um
358 3354 565 3423 immensitate
585 3379 621 3424 se
635 3356 782 3447 jactaret,
802 3354 920 3425 dictum
942 3370 991 3424 est
1009 3357 1038 3423 ei
1057 3380 1077 3421 a
1094 3356 1264 3438 Solone,ss

92 3463 162 3507 uuo
184 3440 227 3507 de
245 3379 309 3511 1111
338 3440 547 3529 sapientibus,
576 3464 644 3506 non
664 3442 783 3506 debere
802 3465 1007 3531 quemquam
1026 3442 1064 3506 in
1086 3441 1225 3507 divitiis

92 3536 130 3591 et
149 3524 440 3614 prosperitatibus
458 3525 631 3614 gloriari,
651 3549 758 3615 qaum
778 3526 993 3608 nesciamus,
1017 3525 1104 3614 quid
1123 3534 1225 3590 everr-

97 3621 183 3675 tura
215 3613 342 3696 pariat
371 3609 458 3675 (lies.
504 3608 629 3679 Eadem
663 3624 758 3679 nocto
790 3608 867 3678 vidit
892 3611 925 3676 in
956 3611 1100 3686 somniis,
1136 3608 1224 3698 quod

96 3692 277 3761 loris-eum
298 3716 316 3759 a
340 3714 381 3759 ua
403 3692 621 3782 persuaderet,
642 3709 676 3762 et
694 3697 740 3763 sol
761 3697 969 3784 extingueret
1009 3694 1104 3771 Quod
1127 3718 1224 3783 quum

95 3778 183 3845 filiae
200 3800 279 3845 suae
298 3717 442 3845 Phaniae
461 3779 634 3861 nuntiaret,
654 3780 720 3859 illa,
749 3793 785 3849 ut
804 3804 855 3848 res
875 3805 912 3848 so
932 3781 1058 3859 habuit,
1087 3780 1267 3867 pruden-ao

96 3876 151 3930 ter
167 3864 449 3953 interpretabatur,
469 3863 595 3945 dicens,
626 3867 717 3953 quod
736 3866 774 3932 in
793 3888 893 3931 cruce
912 3878 1000 3931 esset
1020 3865 1226 3955 affigendus,

96 3945 207 4014 irrrhre
242 3948 523 4036 persuadendus,
561 3949 630 4014 sole
661 3949 853 4017 siccandas.
883 3950 1006 4026 ‚Quod
1043 3961 1155 4038 postea
1180 3950 1226 4018 ita

96 4033 253 4123 eontigit3
269 4056 342 4103 nam
363 4054 473 4103 rursus
493 4043 604 4123 eaptus
625 4045 676 4102 est
694 4057 714 4102 a
733 4036 822 4126 Cyro
842 4048 875 4105 et
896 4057 1075 4127 suspensus.

493 4231 584 4311 191.
636 4233 823 4314 Alcon.

185 4385 283 4456 Aleon
315 4389 484 4460 Cretensis
515 4390 699 4478 sagittarius
738 4393 806 4462 fuit
859 4393 960 4483 Cujus
997 4414 1094 4480 quum
1129 4391 1268 4463 bliumas

99 4471 201 4543 draeo
221 4472 399 4555 invasisset,
421 4486 509 4544 tauta
527 4491 599 4556 arte
621 4477 735 4545 direxit
754 4479 920 4568 sagittam,
950 4489 984 4544 ut
1004 4500 1076 4544 eam
1096 4499 1226 4544 currens
1245 4510 1249 4518 ·

98 4559 130 4626 in
150 4570 330 4651 serpentem
346 4561 524 4650 deligeret,
545 4584 606 4628 neo
625 4574 731 4632 tamen
751 4564 847 4633 lilium
865 4564 1015 4634 laederet
1032 4593 1047 4618 -·
