2640 5130
161 620 241 697 170
467 617 646 721 Mytlsogr.
676 620 746 692 111.
801 619 843 692 A.
896 617 960 692 10.
994 616 1002 631 ‘

45 846 48 852 ,
160 806 259 894 prima
284 801 479 894 personui,
510 801 542 868 id
570 802 833 871 castanearios
853 801 1038 870 nominatur.
1080 803 1281 871 Anonuullis

161 891 224 957 diei
245 889 361 959 dicitur
382 889 479 968 deus,
512 888 692 976 bilromque
712 902 844 978 propter
864 901 967 956 ortum
990 901 1022 956 et
1042 910 1191 956 oocosum
1212 891 1281 978 pin-

161 978 260 1064 gitur.
301 974 396 1042 Unde
417 973 586 1041 Horatius:

246 1060 424 1126 Matutine
440 1069 561 1145 pater,
589 1080 649 1123 seu
671 1055 761 1123 June
781 1053 946 1124 libentius
965 1057 1081 1124 cudis.

138 1143 278 1212 aEidem
309 1146 403 1210 etiam
435 1165 529 1209 omne
561 1154 767 1208 consecratur
792 1141 933 1222 initium,
967 1141 1143 1231 diciturque
1168 1142 1280 1221 Janus,

81 1263 87 1273 ·
162 1230 249 1319 quod
269 1230 342 1297 anni
357 1231 508 1312 januum
527 1225 655 1314 pandat.
690 1225 786 1293 Unde
807 1239 841 1296 et
861 1230 932 1296 anni
952 1227 1070 1295 initium
1093 1230 1135 1294 ab
1156 1250 1196 1294 eo
1217 1250 1280 1293 non

162 1313 300 1382 absurde
336 1322 543 1399 nuncupatur.
595 1313 681 1379 Sane
709 1311 815 1398 templi
844 1313 911 1403 ejus
940 1311 1101 1402 aperiendi
1121 1313 1170 1379 vel
1194 1312 1280 1379 olau-

162 1399 260 1466 dendl
280 1399 363 1465 ratio
380 1398 471 1487 juxta
493 1397 637 1463 Serrium
658 1397 743 1464 saria
763 1409 820 1464 est.
862 1399 917 1465 Alii
940 1400 1040 1479 enim,
1070 1399 1186 1486 inquit,
1210 1398 1278 1464 Ro·

164 1487 247 1551 mulo
270 1498 381 1551 contra
401 1477 536 1549 Sabinos
557 1495 734 1571 pugnante,
755 1505 851 1570 quum
872 1486 904 1551 in
923 1507 962 1549 eu
985 1496 1068 1550 esset
1089 1497 1123 1551 ut
1141 1485 1279 1570 sincere-

122 1582 231 1650 1otur,
259 1568 392 1635 calidam
419 1566 524 1634 serunt
552 1591 664 1671 aquarn
694 1589 733 1634 ex
764 1569 878 1636 eodem
905 1569 977 1637 luco
1000 1569 1161 1656 erupisse,
1195 1590 1279 1656 quae

165 1655 287 1745 ingerit
316 1652 488 1720 exercitum
518 1651 725 1718 Sabinorum·
766 1654 852 1720 Hinc
877 1678 957 1742 ergo
985 1667 1119 1722 tractum
1149 1676 1279 1732 morem,

164 1753 200 1808 ut
229 1737 400 1828 pugnaturi
429 1737 589 1825 aperirent
617 1737 782 1824 templum,
820 1738 907 1826 quod
934 1742 965 1804 in
997 1763 1037 1805 eo
1067 1739 1139 1805 loco
1177 1740 1280 1805 luerat

163 1826 382 1903 constitutum,
417 1822 509 1911 quasi
541 1823 584 1889 ad
610 1824 751 1910 speeiem
779 1824 899 1910 pristini
928 1826 1039 1890 auxilii
1080 1825 1136 1890 Alii
1158 1822 1278 1901 dicunt,

163 1911 291 1978 'l'atium
320 1922 353 1977 et
374 1907 553 1988 Romulum,
577 1908 661 1975 lacto
680 1907 819 1989 foedere,
841 1911 987 1997 templum
1007 1913 1068 1976 hoc
1083 1909 1281 1975 aedificasse.

123 1994 259 2064 ttUndc
279 2005 313 2063 et
330 1995 447 2061 Janum
466 1992 546 2060 duas
567 1993 685 2060 habere
698 1994 805 2076 tacte,
826 2008 862 2063 ut
874 1994 1017 2063 videlicet
1035 1995 1183 2061 ostendat
1199 1994 1279 2060 duo·

162 2104 232 2150 rum
260 2102 376 2167 regum
403 2079 626 2165 cognitionem.
662 2079 723 2147 Est
751 2091 785 2146 et
811 2079 871 2146 alio
899 2103 981 2168 quae
1000 2080 1136 2148 melioris
1157 2079 1279 2147 ridetur

162 2189 277 2246 causa,
294 2163 384 2316 pupd
403 2163 446 2230 ad
467 2163 580 2231 bellum
602 2165 675 2231 ituri
692 2163 735 2231 de
755 2187 836 2254 pace
858 2166 1001 2254 cogitare
1020 2177 1053 2234 et
1071 2165 1280 2232 reversionem

163 2264 275 2319 utare
317 2261 422 2316 eent.

184 2276 204 2340 p
249 2336 298 2402 10.
341 2335 423 2408 Quia
442 2355 517 2400 vero
537 2331 623 2400 Aeoli
643 2333 787 2420 superius
809 2332 939 2401 fecimus
960 2334 1159 2413 mentionem,
1180 2332 1279 2400 refert

122 2436 238 2487 aucum
261 2420 362 2486 Varro
382 2418 431 2486 IX
452 2417 621 2485 insularum
643 2440 755 2503 regem
785 2419 898 2498 luisse,
927 2442 967 2485 ex
997 2439 1130 2508 quarum
1157 2417 1277 2484 nebulis

164 2519 199 2574 et
219 2505 388 2572 Volcaniae
408 2504 528 2570 insulae
549 2504 635 2570 sumo
658 2503 843 2592 praedicens
861 2505 966 2572 futura
988 2517 1150 2572 ventorum
1166 2505 1277 2582 flabra,

163 2591 205 2658 ab
232 2590 382 2679 imperitis
421 2588 560 2655 creditus
590 2600 639 2656 est
672 2589 704 2654 in
745 2612 803 2656 sua
833 2602 991 2678 potestate
1023 2602 1132 2673 ventos
1159 2600 1277 2655 tenere.

164 2676 248 2742 Sunt
267 2688 373 2742 autem
396 2673 485 2760 ipsae
505 2671 625 2740 imolae
646 2685 718 2761 post
738 2673 851 2742 fretum
875 2675 1025 2755 Siciliae.
1044 2698 1127 2762 quae
1147 2677 1187 2740 ab
1208 2675 1277 2775 ipso

65 2824 70 2835 ,
165 2758 278 2839 Aeolo,
307 2761 372 2848 Hip
416 2771 468 2827 tae
496 2757 641 2825 videlicet
667 2758 748 2837 filio,
780 2758 924 2826 Aeoliae
955 2759 1166 2848 appellantur,
1207 2760 1278 2826 licet

123 2857 198 2912 atet
222 2845 349 2932 propria
400 2844 516 2912 abeant
546 2844 706 2910 vocabula.
746 2843 799 2908 De
826 2866 887 2911 una
918 2867 1026 2911 earum
1052 2846 1095 2912 ait
1115 2845 1276 2928 Virgilius:

163 2929 326 2996 Aeoliam
345 2928 512 3016 Liparen.
553 2930 689 2995 Aliarum
719 2929 845 2994 nomina
876 2929 960 3017 apud
982 2931 1169 2997 Martianum
1187 2952 1278 3017 repe·

164 3015 277 3095 rimus,
305 3015 358 3103 qui
385 3025 490 3080 tamen
517 3011 580 3080 vll
608 3025 730 3082 tantum
757 3013 872 3080 insulas
901 3015 1023 3082 Aeolias
1042 3027 1176 3094 tractat,
1208 3037 1277 3081 oas-

93 3156 98 3169 ,
165 3100 301 3189 demque
320 3122 340 3166 a
361 3098 474 3165 nostris
498 3095 692 3166 Vulcanius
714 3098 777 3164 dici
807 3100 934 3178 asserit;
962 3101 993 3165 in
1022 3122 1154 3189 quarum
1182 3100 1278 3166 etiam

166 3206 245 3266 una,
273 3206 357 3276 quae
382 3181 554 3272 Strongyle
580 3181 710 3262 dicitur,
740 3183 868 3249 Aeolum
897 3197 930 3250 et
950 3184 1018 3273 ipse
1040 3207 1191 3271 regnasse
1211 3206 1278 3250 me·

123 3279 285 3346 aomorat,
322 3282 356 3339 et
376 3291 398 3334 e
419 3269 546 3335 flamma
566 3266 597 3332 in
619 3269 761 3355 proximo
782 3283 1004 3358 prorumpente
1025 3270 1072 3335 rel
1093 3270 1159 3358 ejus
1183 3268 1279 3345 fumo,

164 3355 218 3442 qui
238 3367 347 3423 reatus
365 3354 498 3422 flaturus
519 3364 623 3431 esset,
644 3352 847 3434 intellexisse3
869 3355 954 3437 quud
970 3355 1148 3447 pedicone,
1168 3353 1278 3441 inquit,

164 3441 232 3530 ejus
266 3440 328 3508 loci
358 3438 475 3506 incolas
510 3450 630 3504 certum
661 3451 710 3505 est
738 3440 940 3527 praesentire.
997 3441 1137 3530 Physica
1173 3452 1278 3506 autem

163 3526 342 3592 rationein
369 3537 460 3592 antro
488 3522 602 3589 Aeolus
633 3521 747 3589 sedere
773 3526 815 3591 fin
841 3525 920 3605 tor,
951 3525 1025 3612 quia
1054 3523 1196 3591 naturale
1218 3534 1278 3602 est,

164 3621 200 3677 ut
219 3609 289 3677 loca
307 3632 446 3677 concava
468 3607 559 3695 plena
580 3607 642 3674 sint
662 3608 769 3676 ventis.
844 3632 862 3675 e
888 3633 963 3676 num
990 3610 1020 3677 ei
1046 3610 1131 3677 Juno
1150 3609 1279 3695 fingitur

122 3693 308 3775 tradedisse,
346 3695 419 3783 quia
445 3706 550 3760 motus
577 3693 676 3771 airis,
710 3692 744 3758 id
773 3704 823 3760 est
876 3696 1003 3775 ononis,
1043 3707 1152 3763 ventos
1180 3706 1278 3774 creat,

187 3781 276 3847 uibus
299 3789 426 3867 praeest
448 3776 574 3845 Aeolus.
617 3776 686 3843 Sed
704 3789 737 3845 et
758 3790 845 3845 motu
866 3804 968 3869 aquae
988 3780 1162 3847 secundum
1183 3801 1279 3868 qnos-

163 3802 237 3930 dam
263 3866 345 3933 renti
375 3877 531 3930 creantur.
587 3860 683 3928 Unde
712 3863 892 3952 Nympham
918 3867 946 3930 ei
973 3865 1004 3930 in
1034 3864 1173 3932 Aeneide
1205 3863 1279 3929 ideo

162 3948 337 4016 secundum
358 3948 503 4015 Serrium
525 3945 660 4035 spondet
680 3947 783 4027 Juno‚
816 3951 888 4037 quia
917 3970 1026 4039 quum
1045 3964 1205 4017 ventorum
1223 3971 1280 4014 ren

164 4035 219 4111 sit,
249 4035 361 4101 merito
389 4033 419 4100 el
445 4033 591 4121 jungitur
620 4033 714 4118 origo
744 4044 916 4100 ventorum.
973 4035 1046 4100 Non
1078 4048 1183 4101 autem
1212 4034 1279 4100 sine

123 4120 286 4187 duratione
305 4120 389 4185 Juoo
410 4119 441 4184 in
462 4140 521 4184 sua
541 4127 697 4204 potestate
717 4116 881 4206 Nymphas
904 4132 1015 4185 tenere
1042 4119 1173 4198 dicitur,
1206 4119 1280 4207 quia

165 4205 234 4293 ipsa
255 4214 305 4272 est
324 4211 396 4281 air,
424 4200 467 4268 de
493 4225 557 4300 quo
579 4204 678 4268 nubes
700 4217 856 4270 creantur.
898 4204 994 4270 Unde
1015 4219 1077 4271 est:
1106 4205 1221 4291 Atque
1241 4203 1280 4266 in

165 4288 287 4354 nubem
307 4291 446 4377 cogitur
464 4289 538 4353 aer.
580 4286 632 4352 Ex
661 4288 794 4354 nubibus
824 4310 925 4376 aquae
952 4288 1173 4365 demittuntur,
1201 4308 1280 4374 quas

151 4373 330 4463 'Nymphas
359 4394 431 4440 esse
450 4393 513 4439 uon
539 4368 668 4437 dubium
690 4383 748 4438 est.
791 4372 878 4439 Sane
904 4385 1014 4441 notant
1035 4374 1199 4461 Virgilium
1220 4371 1281 4436 cri-

164 4459 235 4539 tici,
256 4457 344 4546 quod
360 4457 458 4526 Aeolo
480 4457 592 4523 marito
613 4456 765 4543 promittit
784 4477 932 4538 risorem3
958 4458 1043 4546 quod
1065 4473 1168 4526 tamen
1189 4478 1205 4521 r
1250 4457 1281 4522 ’a

124 4554 380 4633 incompetenter
400 4552 531 4610 excusat
549 4540 680 4608 licentia.
723 4540 819 4608 Unde
843 4542 1014 4610 Salustius:
1056 4544 1174 4607 Uenus
1204 4565 1225 4604 n
1243 4541 1282 4621 ii,

166 4630 234 4697 otii
252 4629 372 4718 plures
392 4624 538 4705 habent3
570 4626 630 4692 sed
655 4647 754 4715 reges
783 4648 822 4692 eo
848 4626 1011 4716 amplius.
1054 4625 1150 4704 Quod
1178 4636 1282 4694 autem
