2640 5130
169 641 248 717 rso
438 637 619 742 uynop.
655 636 707 712 n.
770 634 1019 712 κει-ιω.

170 829 252 896 enim
294 846 390 913 quum
416 823 529 902 sciret,
557 843 693 926 regnum
714 845 812 914 penes
839 844 912 890 eum
942 820 1077 892 taottsr
1106 841 1299 895 mansurum.

170 915 225 1002 qui
244 912 373 978 arietem
394 908 482 975 aurei
503 906 622 976 vellens
638 909 788 989 haberet,
809 931 903 998 quem
924 919 991 976 tum
1011 914 1144 990 Atreus,
1176 912 1299 995 regium

170 1000 353 1085 ingressus,
382 994 548 1083 plurimum
568 994 785 1074 custodiebat,
812 1016 937 1061 corrum
961 1017 1017 1062 ens
1038 995 1213 1085 Europum,
1237 998 1299 1059 lrn-

172 1086 229 1152 tris
249 1083 297 1149 sni
319 1080 403 1148 Atrei
421 1101 568 1155 uxorem,
600 1100 672 1146 eum
702 1079 744 1146 nd
773 1101 809 1147 se
839 1017 1002 1147 transtllrri
1032 1102 1128 1169 posse
1153 1082 1298 1168 sperarit.

110 1200 112 1204 ·
149 1166 271 1244 tQuod
305 1169 418 1232 Atreus
451 1176 617 1255 postquem
650 1164 775 1244 didicit,
812 1162 940 1232 tratrem
971 1187 1044 1231 curn
1076 1164 1201 1231 duobus
1230 1166 1300 1230 tiliis

99 1330 101 1334 Α
172 1254 237 1321 sois
259 1250 396 1338 expulit,
417 1261 451 1316 et
471 1261 592 1338 postes,
612 1248 756 1317 simulato
776 1250 891 1336 grstia,
911 1271 983 1316 eum
1005 1251 1136 1328 vocarit,
1156 1250 1300 1336 filiosque

172 1361 248 1405 suos
273 1338 455 1402 interemtos
482 1333 657 1422 epulandos
677 1334 832 1425 opposuit.
889 1332 963 1408 Quo
993 1333 1130 1403 fraterno
1159 1334 1299 1400 iocinore

173 1423 220 1490 sol
253 1421 368 1487 dicitur
400 1419 440 1484 ab
473 1440 582 1485 eorum
611 1440 648 1486 so
674 1419 856 1506 regionibus
885 1419 1025 1486 vertisse.
1081 1420 1157 1485 Hoc
1193 1433 1298 1485 motus

108 1543 111 1549 ·
172 1507 285 1575 dolore
303 1505 463 1593 'l'hyestes
482 1525 579 1592 quum
601 1504 744 1572 consulto
764 1502 806 1568 de
824 1502 959 1569 crocotis
980 1518 1144 1591 posceret,
1165 1525 1298 1591 respon-

131 1603 242 1660 tusnm
265 1603 332 1670 est,
350 1610 414 1675 per
434 1611 512 1653 cum
533 1589 590 1652 illi
610 1600 742 1655 certem
756 1610 857 1676 posse
876 1588 993 1652 venire
1009 1588 1218 1663 vindictam,
1236 1589 1299 1674 qni

54 1769 58 1777 ·
170 1669 756 1846 ttd’tt‘td't'tt’thl‘h‘tt
777 1668 1050 1845 tttldttt·
1081 1672 1298 1844 ,iiiiilii

171 1847 263 1914 silens
296 1781 427 1931 prhpter
455 1807 679 1909 consciedtiom
707 1841 831 1932 objecit
881 1840 965 1919 Hic,
1000 1806 1117 1928 coprus
1148 1842 1298 1911 uberibus

171 1931 318 2006 nutritus,
340 1951 381 1994 ex
400 1924 513 1993 endem
533 1948 569 1992 re
582 1926 776 2016 Aegisthus
792 1946 906 1992 nomen
922 1927 1060 2013 accepit;
1104 1925 1136 1993 ui
1156 1931 1298 2008 Atreum,

130 2027 166 2078 to
195 2036 270 2082 uum
289 2014 320 2080 in
343 2011 508 2079 vindictum
529 2012 626 2099 patris
646 2010 850 2089 adolevisset,
884 2010 1051 2078 interfecit.
1083 1949 1181 2079 luem
1203 2013 1298 2081 etiam

170 2039 459 2190 lgsmemnonem,
480 2095 656 2165 adulterato
674 2118 773 2164 uxore
794 2094 862 2185 ejus
884 2094 1136 2184 clytemnestra,
1157 2110 1297 2187 prostre-

171 2197 239 2254 tum
258 2182 422 2250 interemit.
473 2181 556 2248 Nom
588 2181 655 2262 illu,
694 2202 792 2270 quum
812 2184 1028 2268 Agamemnon
1054 2181 1218 2268 ingressus
1239 2181 1299 2248 do-

170 2292 257 2338 mum
279 2268 404 2342 luisset,
428 2266 540 2334 obtulit
559 2265 590 2332 ei
610 2277 727 2335 restem
747 2266 817 2345 sine
838 2265 961 2352 capitio.
1003 2265 1068 2342 Qui
1087 2288 1183 2354 quum
1209 2267 1300 2335 vellet

171 2353 347 2429 involvere,
369 2363 401 2417 et
422 2351 572 2438 capitium
593 2373 656 2417 non
676 2349 815 2418 invenire
835 2360 953 2440 posset,
974 2351 1015 2416 ob
1034 2350 1186 2439 Aegistho
1207 2350 1299 2418 odul-

131 2450 242 2507 2otero
263 2437 449 2503 interiectus
472 2448 530 2503 est.
577 2435 672 2504 Unde
692 2445 766 2527 post
796 2435 837 2502 ab
862 2435 980 2504 Oreste
1000 2435 1063 2503 lilio
1085 2447 1119 2505 et
1136 2437 1206 2526 ipso
1224 2459 1298 2505 curn

174 2523 327 2612 Aegistho
351 2523 457 2587 occisa
479 2531 537 2588 est

360 2683 454 2758 148.
513 2687 735 2785 duppiter
774 2697 817 2762 et
847 2683 1109 2761 Alcumena.

257 2813 404 2901 luppiter
434 2835 531 2901 quum
570 2811 800 2900 Amphitryonis
835 2835 967 2880 uxorem
999 2823 1150 2890 amasset,
1192 2823 1225 2878 et
1257 2811 1298 2878 nd

170 2918 244 2962 eom
265 2897 529 2986 corrumpendam
550 2909 687 2964 mutatus
705 2897 737 2962 in
757 2897 988 3001 Amphitryonis
1019 2898 1157 2985 speciem
1196 2898 1298 2962 renis-

131 2993 221 3051 osset
241 2983 271 3047 in
295 2982 461 3073 'Pyrintlda
483 2983 623 3062 ciritutc3
656 3005 696 3047 ne
725 2981 861 3049 adventu
883 2984 944 3049 drei
964 2982 1079 3050 smods
1105 2981 1299 3049 minneretur

170 3067 335 3218 uoluptas,
365 3068 459 3157 jussit
478 3067 625 3217 luppiter
643 3066 725 3132 illum
747 3067 900 3170 triplicem
921 3090 994 3135 esse
1016 3077 1159 3146 noctem,
1190 3066 1237 3132 sic
1264 3079 1299 3134 nt

169 3174 232 3240 qus
258 3150 527 3244 rupticescursm
559 3174 621 3218 uns
644 3163 830 3241 peregrsset.
881 3152 932 3219 Ex
963 3174 1027 3240 qno
1053 3151 1219 3240 complexu
1246 3152 1298 3217 Al-

171 3258 325 3305 oumenoe
360 3250 533 3326 conseptus
572 3249 621 3304 est
653 3235 819 3304 Hercules.
872 3237 1030 3304 Hercules
1061 3246 1169 3303 autern
1206 3240 1300 3303 notus

170 3337 222 3390 est
250 3344 323 3388 cum
344 3322 482 3413 Iphicle,
510 3321 742 3473 Amphitryonis
763 3319 837 3389 lilio.
878 3320 946 3388 Sed
966 3345 1062 3410 quum
1083 3322 1168 3388 Juno
1188 3343 1300 3388 omnes

128 3425 191 3473 toa
212 3407 294 3474 Jore
315 3421 406 3476 notos
428 3407 503 3474 odio
525 3407 565 3473 ha
589 3421 657 3474 eret
683 3419 810 3494 praeter
830 3405 1043 3484 Mercurium,
1066 3405 1146 3472 duos
1168 3428 1300 3494 serpen-

173 3504 221 3560 tes
255 3492 382 3561 immisit
412 3493 555 3560 Herculi.
613 3491 767 3582 Iphicles,
804 3493 893 3558 cunis
926 3502 1050 3559 terrore
1081 3491 1206 3580 lapsus,
1240 3513 1300 3557 suo

172 3576 280 3662 rugitu
303 3580 450 3646 excitarit
468 3589 626 3668 parentes.
676 3576 759 3650 Qui
790 3597 864 3641 num
891 3577 1115 3657 surrexissent,
1155 3574 1301 3642 uiderunt

170 3660 346 3811 ¹l'iercppens
366 3684 489 3751 angues
511 3674 670 3731 tenentem
694 3599 857 3744 monlhus,
887 3661 1040 3748 immissos
1068 3662 1098 3728 ei
1127 3660 1301 3730 novercali-

193 3767 270 3813 uso
294 3769 340 3813 ns.

128 3929 165 3980 to
207 3879 210 3883 .
476 3909 569 3985 149.
604 3910 697 3986 150.
757 3914 996 3988 Hercules.

255 4038 429 4106 Herculem
450 4038 577 4127 quidum
592 4038 699 4106 rolnnt
716 4039 857 4108 Alcidem
878 4036 946 4111 sind
966 4042 1025 4128 τῆς
1046 4034 1147 4125 diedo
1167 4035 1299 4115 dictum,

169 4120 274 4190 idest
296 4146 315 4190 a
339 4124 487 4203 virtute3
509 4123 594 4211 qnod
611 4147 675 4189 non
696 4126 859 4212 procedit,
914 4127 965 4193 uia
985 4127 1085 4214 prims
1110 4135 1215 4190 aetate
1237 4123 1300 4187 hoc

170 4229 286 4274 nomen
314 4208 424 4275 hebuit
458 4211 499 4272 nb
536 4210 670 4287 Alcaco,
707 4224 798 4298 putre
825 4215 904 4300 Amp
927 4212 1076 4300 itryonis;
1117 4221 1149 4275 et
1182 4207 1299 4274 scimus

171 4294 344 4380 agnomine
363 4294 404 4360 uh
425 4292 643 4361 occidentibus
665 4291 742 4361 dari.
793 4295 861 4362 Sed
888 4297 1045 4362 Hercules
1075 4292 1299 4382 aprndentio-

34 4444 40 4452 ,
88 4390 92 4397 ·
128 4379 258 4445 toribus
280 4387 387 4446 mente
408 4379 513 4466 magis
533 4400 629 4467 quum
658 4399 795 4468 corpore
824 4381 913 4447 fortis
942 4380 1118 4458 inducitur,
1155 4377 1237 4443 adeo
1266 4389 1301 4444 ut

95 4472 101 4484 '
170 4460 341 4530 duodecim
362 4461 430 4566 q‘us
450 4463 576 4564 lshorcs
596 4461 709 4529 relern'
728 4464 848 4552 possint
869 4465 912 4531 ud
933 4466 1077 4554 uliquod;
1109 4483 1179 4528 nom
1203 4484 1300 4563 quum

157 4546 1171 4721 liiidiimiiuimdhiir“iilisidoliii'iii'hlilii‘
1190 4561 1301 4698 till}
