2640 5130
163 627 245 707 ara
411 642 415 653 ·
478 630 660 735 arquogs.
688 632 761 707 ιιι.
812 629 854 705 o.
905 627 974 707 aa.

166 816 263 885 Unde
282 828 316 883 et
335 815 453 884 bestias
471 814 645 905 quaslibet,
667 814 811 887 volueres
830 829 864 886 et
882 817 1010 898 dorios,
1036 838 1117 886 saxa
1137 824 1173 887 et
1194 816 1285 884 arho-

165 902 353 970 condicitur
374 902 516 968 movisse
567 902 624 969 Sic
639 903 813 1007 Amphion,
849 903 1034 971 'l'haharum
1055 900 1222 981 conditor,
1257 913 1287 967 et

165 991 235 1078 ipse
269 988 407 1054 oratoria
441 985 593 1053 facultate
624 988 771 1069 eximius,
814 998 910 1055 cautu
935 986 1073 1078 lapides,
1110 999 1147 1054 ut
1177 1000 1287 1076 sponte

168 1080 319 1140 coeuntes
338 1092 460 1138 murrum
482 1073 692 1152 conticerent,
723 1073 853 1161 tingitur
872 1072 1020 1155 illexisse3
1052 1071 1142 1162 quod
1156 1070 1286 1175 stupidis

143 1170 262 1225 tautea
294 1156 471 1223 hominihus
503 1169 536 1222 et
556 1156 638 1246 juris
672 1158 681 1222 i
728 1160 791 1226 aris
827 1158 1055 1246 dispersimus
1087 1154 1286 1245 degentibus,

168 1256 203 1311 ut
223 1242 434 1344 convenirent,
454 1240 583 1307 civiliter
603 1181 802 1311 mnvllneent
821 1256 855 1311 et
876 1243 918 1309 ad
940 1181 1097 1332 puhlicam
1114 1243 1286 1344 ‚tuitionem

167 1349 290 1394 noenta
324 1338 562 1405 construerent,
598 1326 744 1395 melliflua
773 1330 916 1396 oratione
946 1340 1148 1418 persuaserat
1205 1329 1287 1395 Sane

166 1410 315 1499 Orpheus
347 1411 479 1497 optimo
507 1432 574 1473 vox
599 1411 665 1479 inte
702 1425 838 1489 retamr,
874 1412 916 1478 de
948 1434 1011 1502 quo
1040 1412 1125 1479 hanc
1154 1410 1286 1479 fabulam

167 1495 362 1597 confingunt.
411 1493 563 1580 Orpheus
588 1434 771 1587 Euryrdicen
799 1498 978 1601 Npmpham
999 1498 1130 1576 amarit,
1158 1518 1287 1585 eamque

127 1602 248 1655 sosono
269 1580 409 1646 citharae
428 1577 587 1660 mulcens,
617 1603 747 1648 uxorem
770 1581 869 1648 duait.
910 1583 1014 1659 Quam
1034 1582 1111 1651 dum
1133 1582 1286 1650 Aristaeus

167 1677 277 1757 pastor
306 1685 415 1731 amaus
442 1676 647 1750 sequeretur,
685 1666 810 1754 fugiens
842 1668 874 1734 in
901 1678 1082 1756 serpentem
1117 1666 1227 1735 incidit
1258 1676 1287 1732 et

166 1763 293 1820 mortua
322 1761 379 1818 est
436 1747 573 1850 Propter
611 1751 694 1818 hauc
728 1752 859 1819 maritus
893 1754 935 1819 ad
965 1750 1084 1854 inlesos
1118 1749 1287 1825 descendit,

166 1837 340 1990 iiiiii}
362 1845 535 2072 &illi
554 1837 1287 2011 ttm‘tmntttt“1t„t⁹⁸t¹ttttnll²t

128 2009 257 2080 tonicae
274 2004 361 2094 juxto
409 2002 583 2105 amentium
603 2003 781 2094 designatio
803 2017 860 2073 est.
903 2006 1053 2096 Orpheus
1067 2004 1150 2073 euim

169 2115 254 2191 vox,
279 2104 316 2160 ut
334 2088 486 2167 diaimm,
515 2100 754 2180 mterpretatur3
785 2087 940 2158 Euridioe
956 2088 1138 2180 profundo
1158 2016 1289 2192 2}pr

168 2188 270 2244 cotto.
310 2176 405 2242 Hono
424 2173 592 2261 Orpheus,
620 2174 654 2243 id
675 2189 724 2245 est
742 2176 841 2264 quivis
863 2178 1003 2243 musicae
1023 2197 1154 2263 operam
1174 2194 1287 2262 impen-

168 2260 265 2340 dens,
296 2261 356 2327 sihi
378 2258 527 2359 conjungi
554 2270 643 2348 optat
671 2273 705 2330 et
725 2261 844 2330 cithara
864 2260 998 2329 illectam
1026 2258 1116 2327 ducit
1142 2278 1289 2339 uxorem3

168 2347 243 2497 qpia
263 2347 316 2433 qai
336 2366 476 2411 musicae
495 2344 620 2426 studet,
655 2346 711 2414 nisi
731 2347 935 2415 secretiorem
954 2345 1032 2412 artis
1045 2345 1143 2433 ipsius
1157 2342 1289 2448 proluu-

127 2455 165 2507 20

204 2442 300 2497 tatem
337 2428 593 2516 comprehendit,
636 2432 775 2500 musicus
812 2452 884 2499 esse
912 2453 974 2497 nou
1003 2439 1125 2518 potest,
1157 2427 1290 2514 adeoque

170 2538 242 2583 eam
262 2513 375 2580 erebra
391 2524 424 2579 et
447 2514 616 2583 artificiosa
643 2517 729 2584 vocis
756 2515 968 2584 modulatione
1000 2511 1129 2582 taudem
1154 2512 1290 2600 assequi·

169 2614 231 2668 tur.
287 2599 380 2664 Haec
401 2619 475 2665 vero
496 2599 645 2668 scientiae
665 2600 799 2670 altitudo
819 2613 971 2691 quantum
991 2601 1032 2665 ah
1053 2599 1179 2689 optimis
1207 2611 1290 2663 ama²

169 2697 240 2763 tur,
284 2682 367 2749 sicut
403 2683 444 2748 ab
480 2684 622 2752 Aristaeo
656 2684 810 2775 (ἄριστον
843 2685 924 2751 euim
965 2685 1093 2751 Graece
1124 2682 1291 2770 optimum

170 2766 322 2853 dicitur),
352 2778 474 2835 tautum
497 2768 745 2838 communionem
768 2770 925 2838 hominum
947 2770 1065 2850 renuit3
1097 2768 1208 2854 sicque
1227 2786 1290 2833 ser-

129 2852 272 2944 aspectis
292 2853 358 2921 ictu
390 2854 538 2936 moritur,
570 2856 644 2944 quia
671 2856 784 2927 nimiae
810 2855 986 2923 subtilitatis
1016 2877 1093 2920 sune
1119 2852 1291 2939 intercepta

170 2937 319 3017 secretis,
351 2936 433 3006 velut
455 2937 496 3005 ad
518 2940 636 3006 inferos
658 2941 869 3027 transmigrat.
912 2939 978 3006 Sed
998 2950 1068 3027 post
1091 2938 1173 3005 haue
1194 2950 1290 3004 artem

105 3078 110 3087 .
169 3021 394 3112 exquirendam
416 3036 512 3113 atque
529 3024 709 3094 elevandam
739 3050 798 3092 vox
825 3046 943 3093 canora
973 3021 1157 3101 descendit,
1194 3035 1227 3088 et
1253 3041 1292 3085 ne

171 3132 243 3177 eam
266 3109 431 3198 respiciat,
488 3111 666 3193 rohihotur,
703 3121 735 3177 et
754 3113 829 3180 dum
851 3110 952 3190 ridet,
989 3109 1108 3176 amittit
1157 3105 1242 3172 Nam
1263 3113 1292 3170 et

172 3195 418 3286 perlectissimus
474 3195 647 3285 ythagoras
668 3194 744 3263 dum
765 3197 796 3264 in
819 3197 957 3263 musicae
987 3190 1189 3282 inquisitione
1210 3191 1293 3256 laho-

131 3292 277 3360 soraret,
308 3280 573 3370 symphoniasqae
601 3280 778 3370 ponderum
798 3305 837 3348 ac
856 3301 1055 3347 numerorum
1088 3275 1294 3366 proportioni·

174 3369 233 3435 hus
255 3375 438 3455 coaptaret,
471 3366 606 3434 effectus
635 3378 738 3434 tamen
769 3367 923 3432 rationem
945 3363 1081 3430 reddere
1100 3382 1163 3427 non
1187 3360 1294 3451 potuit

256 3452 309 3516 21.
350 3449 501 3536 Remigio
521 3461 626 3518 tamen
645 3450 686 3517 de
707 3452 770 3519 hoc
790 3452 943 3537 figmento
963 3450 1052 3517 aliter
1072 3444 1205 3514 videtur.
1247 3443 1296 3511 tir

173 3536 274 3615 enim,
306 3532 488 3622 Eurydicen
508 3535 582 3602 ideo
611 3536 733 3625 Orphei
765 3533 880 3602 dictam
903 3558 974 3602 esse
1003 3531 1191 3622 conjugem,
1224 3528 1297 3618 quia

174 3618 343 3686 facundiae
374 3640 481 3685 comes
510 3618 606 3688 debet
631 3644 702 3688 esse
731 3618 890 3688 diseretio.
947 3620 1021 3707 lpsa
1042 3639 1117 3683 vero
1152 3624 1297 3705 serpente

133 3705 261 3776 salaeaa
282 3703 324 3769 ad
343 3703 502 3770 infernum
525 3703 698 3782 descendit,
719 3726 815 3792 quum
837 3704 970 3772 terrenis
992 3700 1141 3769 inhiando
1160 3721 1298 3767 mmanu-

175 3788 224 3856 dis
244 3808 365 3867 veneno
399 3788 567 3875 iniquitatis
594 3791 636 3858 ad
666 3789 822 3858 sinistram
848 3800 970 3876 partem
1001 3786 1181 3855 inflectitur.
1234 3778 1300 3850 Sed

175 3873 297 3962 Orphei
329 3873 519 3941 carminibus
554 3873 596 3940 ad
623 3898 660 3942 su
685 3896 757 3942 eros
787 3885 973 3950 revocatur,
1018 3894 1116 3961 quum
1143 3869 1301 3938 luculenta

177 3959 322 4026 oratioue
349 3957 429 4023 lucri
458 3958 645 4025 stimulosa
697 3959 888 4049 aequitatem
922 3959 1120 4025 reformatur.
1178 3954 1245 4022 Sed
1274 3951 1301 4019 si

178 4043 323 4196 Respicit,
359 4041 530 4193 rettrahitur
550 4042 591 4109 ad
604 4054 757 4145 terrena,
791 4065 860 4192 qeo
872 4045 974 4146 oranti
994 4043 1128 4191 Orpheuo
1139 4038 1302 4192 iqutditpirxg

139 4145 378 4315 *ιιι
396 4149 1160 4360 ιιιιιιιιιιιιι
1180 4233 1200 4277 ,
1217 4174 1302 4281 ιι.

178 4296 628 4470 ἕζειιὶἳιπέρὴίῗιιιᾞὲᾞ
642 4297 1145 4469 ahlllrldllsmcohliltlgllquuihhhldhlh
1159 4295 1304 4446 earllldlllil3

147 4550 153 4557 ,
181 4467 240 4534 hus
263 4466 420 4534 reducere
438 4466 573 4534 voluisse
594 4468 685 4545 dicit:
714 4464 801 4558 quod
822 4465 895 4551 quia
918 4486 980 4530 uon
1001 4467 1119 4554 potuit,
1149 4462 1305 4553 apodtis,

139 4552 295 4641 toiaquit,
327 4553 459 4639 lingitur
484 4564 645 4640 receptam
674 4553 735 4619 ’om
764 4549 933 4640 conjugem
964 4549 1033 4616 dira
1060 4549 1204 4617 Plutonis
1230 4548 1305 4635 lege

177 4634 363 4726 perdidisse.
406 4636 502 4714 Quod
524 4650 557 4704 et
580 4578 741 4725 Virgihum
763 4635 826 4704 nult
846 4633 1024 4703 ostendisse
1053 4633 1206 4702 dicendo:
1300 4634 1303 4645 '
