2640 5130
166 609 246 685 lca
515 608 696 713 uyuop.
723 602 801 683 ιιι.Ι
849 608 890 684 a.
943 607 984 684 a.

167 788 199 860 et
229 793 311 858 banc
338 790 414 859 dant
443 791 563 882 physici
590 792 763 869 rationem,
798 789 884 880 quod
919 788 1022 880 aquila
1055 810 1115 879 per
1148 800 1294 859 naturam

167 880 251 945 nimii
274 889 323 944 ost
344 876 474 957 caloris,
505 877 587 944 adeo
609 889 644 945 ut
663 890 697 943 et
716 898 797 956 ora,
849 877 939 941 uibus
960 875 1164 964 supersedet,
1194 879 1297 964 possit

169 985 323 1051 coquere,
363 962 420 1029 nisi
455 984 499 1050 ga
525 975 616 1037 alen,
651 961 787 1050 lapidem
803 980 808 988 ·
825 900 861 1026 iii
888 961 1078 1039 idissimum,
1117 960 1296 1028 admoveat.

168 1046 267 1115 Unde
286 1048 455 1114 Lucanus:
520 1058 598 1112 oeta
627 1045 803 1135 tepefacta
834 984 894 1109 sub
916 1046 1002 1110 alite
1025 1068 1123 1109 saxu.
1166 1047 1297 1114 Addunt

145 1135 281 1212 aetiam,
311 1131 392 1199 adeo
415 1145 542 1199 acanum
564 1153 635 1198 essa
656 1153 675 1196 a
699 1131 781 1197 uilae
801 1130 962 1208 intuitum,
991 1141 1028 1197 nt
1069 1153 1105 1196 ro
1128 1129 1296 1218 fulgentis-

168 1220 253 1286 simis
274 1218 347 1285 solis
366 1216 461 1284 radiis
483 1238 653 1305 numquam
674 1153 827 1284 deflectat
841 1217 1003 1282 obtuitunr.
1082 1228 1166 1283 atres
1189 1219 1295 1295 etiam,

167 1316 204 1370 ut
230 1303 332 1390 aiunt,
385 1302 463 1369 ullos
492 1324 567 1370 suos
597 1310 710 1367 contra
739 1300 813 1367 solis
841 1313 946 1368 crtum
978 1300 1169 1381 obvertunt,
1202 1317 1237 1370 ut
1267 1305 1295 1369 si

54 1433 60 1443 -
166 1389 199 1454 in
220 1389 305 1477 ipsos
328 1327 401 1455 sciis
423 1385 529 1454 radios
550 1387 666 1454 lumina
686 1388 790 1488 ligere
808 1385 1027 1464 sustinuerint,
1059 1387 1091 1451 in
1118 1386 1212 1453 ritarn
1241 1409 1294 1453 re-

168 1485 348 1624 phcrrentur,
375 1474 401 1540 si
422 1494 503 1554 nou,
531 1495 551 1538 a
569 1472 644 1538 nido
666 1469 861 1563 depciantur.
906 1469 1001 1537 Unde
1021 1471 1171 1539 Lucanus
1192 1474 1225 1538 in
1247 1473 1295 1541 1x

126 1568 163 1618 10
192 1558 263 1626 ’citt
871 1581 874 1595 ·

260 1638 372 1729 thue
391 1637 488 1703 Jovis
506 1637 657 1704 volucria
678 1636 792 1704 calido
813 1660 918 1724 quum
936 1638 1088 1725 protulit
1108 1661 1168 1702 ovo
1188 1652 1251 1706 etc.

166 1725 332 1795 Elemento
352 1723 450 1811 igitur
472 1721 662 1790 calidissimo
682 1734 715 1790 et
734 1721 965 1811 limpidissimo,
988 1722 1131 1791 videlicet
1151 1725 1294 1805 aethere,

164 1810 242 1879 illud
263 1811 327 1877 ales
348 1819 569 1889 consectatur,
624 1807 689 1875 uod
715 1818 751 1881 ,et
779 1808 885 1874 calore
911 1808 1052 1875 abundat
1078 1821 1111 1876 et
1130 1809 1292 1898 perspica-

168 1897 273 1964 citate.
313 1890 411 1969 Quod
440 1916 515 1961 raro
543 1831 666 1982 aquine
697 1884 913 1960 Romanorum
939 1894 1053 1960 luerint
1076 1897 1188 1980 signa,
1218 1895 1294 1962 inde

126 1994 161 2044 15
170 1993 274 2049 ortum
289 1980 413 2057 solunt,
436 1980 511 2066 quia
530 1979 613 2046 sicut
635 1977 743 2045 aribus
766 1979 1032 2067 omnibus-aquila
1051 2001 1201 2066 praeesse
1217 2003 1292 2046 cen-

165 2079 271 2146 setur,
302 2065 348 2131 sic
363 2065 500 2130 Romani
521 2062 708 2151 populorum
724 2064 860 2129 omnium
877 2075 910 2130 et
920 2063 1142 2130 desiderabant
1162 2076 1195 2131 et
1210 2067 1291 2132 obti-

165 2174 242 2220 nere
270 2152 462 2239 putabantur
491 2149 708 2250 principatum.
760 2149 832 2223 Qua
861 2148 903 2214 de
933 2171 969 2213 re
1001 2162 1106 2216 tamen
1135 2149 1186 2216 alii
1206 2149 1292 2216 aliud

42 2298 47 2311 ,
165 2247 364 2304 censuerunt
396 2234 541 2322 Juppiter
554 2255 646 2311 curm,
668 2245 705 2300 ut
723 2234 897 2314 Anacreon,
916 2234 1148 2321 antiquissimus
1170 2249 1292 2309 auctor,

134 2366 138 2371 -
165 2323 291 2398 scribit,
323 2341 380 2385 rex
410 2318 511 2385 extitit
540 2319 669 2386 Cretae.
711 2319 773 2391 Qui
805 2318 880 2385 durn
904 2319 1057 2386 adversus
1078 2321 1227 2398 Titanas,
1257 2321 1290 2385 id

70 2419 72 2426 '
120 2418 215 2475 uuest
233 2405 341 2471 'litani
362 2403 450 2481 filios,
472 2402 525 2491 qui
547 2403 787 2469 fratcr‘Saturni
808 2405 929 2476 luerat,
952 2405 1064 2470 bellum
1087 2406 1290 2492 suscepisset,

164 2504 197 2559 et
226 2489 414 2556 sacriticium
437 2488 536 2554 Caelo
559 2486 704 2568 lecisset,
736 2488 769 2552 in
796 2489 946 2556 victoriae
974 2491 1148 2578 auspicium
1169 2491 1291 2578 aquilae

163 2575 223 2643 sibi
252 2575 366 2642 adesse
394 2594 581 2659 prosperum
610 2571 686 2639 ridit
713 2571 858 2640 rolatum.
907 2574 1008 2676 Cujus
1040 2599 1136 2663 quum
1162 2577 1291 2642 uicisset

164 2661 316 2746 augurio,
344 2659 375 2722 in
407 2657 505 2745 signis
528 2656 643 2724 bellicis
665 2657 798 2744 aquilam
820 2659 878 2725 sibi
901 2659 977 2726 secu
997 2683 1144 2741 auream
1162 2672 1195 2727 et
1218 2663 1292 2748 quin

164 2746 336 2847 auspicium
363 2742 438 2808 illud
459 2741 588 2808 victoria
609 2754 779 2809 consecuta
807 2757 874 2826 est,
904 2745 1013 2811 lictum
1045 2758 1111 2825 est,
1167 2747 1230 2812 uod
1261 2746 1290 2810 ei

114 2830 268 2919 unaquala
298 2827 456 2895 dimicanti
485 2826 611 2895 fulmina
640 2826 854 2897 ministrasset.
900 2830 994 2895 Unde
1023 2844 1057 2896 ct
1084 2855 1103 2896 a
1128 2831 1210 2898 larci
1232 2852 1289 2896 au-

163 2916 258 3005 gurio
280 2924 388 2982 natum
410 2922 476 2991 est,
504 2924 540 2978 ut
564 2911 687 3001 aquilae
705 2912 835 2981 miiitum
858 2914 985 3001 signum
1007 2917 1205 2983 comitentur.

249 3003 282 3069 5.
322 2997 427 3063 Porro
447 2995 490 3063 de
509 2998 694 3078 litonibus,
724 3019 766 3064 ne
797 2999 839 3064 de
862 3001 900 3066 iis
931 3000 1017 3088 quod
1049 3001 1209 3088 poeticum
1240 3010 1291 3067 est

152 3087 305 3164 nemias,
340 3083 445 3149 lerunt
473 3103 529 3149 eos
559 3082 685 3149 fabulae
713 3085 753 3149 ab
779 3084 860 3152 irata
890 3095 1001 3152 contra
1022 3085 1099 3152 deos
1122 3087 1227 3153 'Parra
1248 3085 1290 3152 ad

165 3171 233 3261 ejus
248 3170 395 3238 ultionem
408 3174 601 3256 procreatos.
630 3166 725 3234 Unde
743 3181 775 3236 et
796 3169 938 3233 Titanes
952 3165 1018 3238 α’πό
1033 3175 1094 3256 τῆς
1107 3175 1232 3249 τίσεως,
1256 3169 1289 3237 id

122 3270 214 3327 coest
234 3259 274 3322 ab
289 3254 420 3319 ultione
441 3252 503 3318 dici
521 3265 712 3320 meruerunt
744 3253 797 3319 De
817 3254 865 3320 bis
887 3266 992 3323 autern
1013 3255 1097 3323 solus
1117 3257 1173 3323 Sol
1195 3257 1291 3324 absti-

163 3343 269 3409 nuisse
297 3349 442 3405 narratur
467 3339 508 3405 ab
534 3338 645 3429 injuria
676 3339 846 3405 numinum.
890 3338 986 3405 Unde
1017 3354 1051 3408 ot
1071 3340 1192 3407 caelum
1222 3364 1289 3407 me-

162 3429 241 3506 ruit,
261 3437 294 3492 et
313 3422 475 3512 pristinum
497 3421 603 3490 adbuc
625 3446 738 3490 nomen
760 3436 864 3500 tenet:
885 3424 981 3491 'litun
1003 3427 1084 3492 enim
1104 3426 1289 3514 appellatur.

164 3511 385 3600 Ganymedem
406 3509 500 3575 etiam
521 3508 682 3598 Juppiter,
712 3510 811 3575 'Proili
836 3509 1047 3599 'l'rojanorum
1070 3513 1157 3599 regis
1180 3511 1289 3591 lilium,

164 3599 212 3663 his
233 3596 332 3683 signis
356 3593 594 3680 praeeuntibus,
624 3596 705 3661 inter
725 3595 815 3660 aliam
837 3595 986 3681 praedam
1013 3596 1153 3662 bellicam
1175 3599 1289 3684 rapuit

113 3698 157 3748 ,³5
167 3681 260 3748 Unde
279 3703 316 3745 se
335 3679 367 3744 in
388 3679 522 3767 aquilam
543 3680 585 3746 ad
612 3703 684 3745 eum
707 3679 890 3768 rapiendum
915 3680 1030 3748 dicitur
1051 3694 1287 3749 transmutasse.

163 3769 250 3833 Sane
276 3763 480 3851 Ganymedes
518 3764 550 3828 in
580 3764 700 3831 caelum
725 3765 816 3852 juxta
850 3764 986 3830 fabulam
1017 3766 1204 3846 translatus,
1246 3766 1287 3832 ad

163 3849 364 3917 ministerium
387 3848 572 3935 poculorum
594 3848 752 3917 adbibitus
774 3849 897 3915 dieitur.
940 3851 1001 3916 Est
1022 3852 1103 3916 enim
1125 3854 1289 3938 Ganyme-

162 3935 272 4015 mcdes
299 3934 442 4021 signum,
475 3931 561 4019 quod
583 3934 753 4022 Aquarium
778 3934 927 4015 dicimus,
958 3936 1044 4022 quod
1067 3949 1193 4004 constat
1215 3960 1287 4003 csse

162 4022 344 4111 pluviosam.
395 4017 559 4106 Europam
593 4039 720 4107 quoque
745 4023 776 4087 in
809 4019 915 4107 specie
942 4022 1079 4099 taurina,
1116 4020 1148 4085 id
1180 4037 1230 4088 est
1256 4023 1288 4087 in

121 4108 234 4172 sonari
252 4106 408 4256 picturam
430 4104 511 4169 tauri
533 4104 684 4178 habente,
706 4116 740 4171 et
755 4104 874 4172 'Isidem
896 4105 928 4168 in
956 4107 1102 4185 vaccina,
1130 4105 1162 4170 id
1186 4107 1286 4172 estin

164 4193 232 4256 navi
276 4190 384 4278 ujusce
404 4188 563 4274 picturae,
592 4188 729 4254 similiter
755 4189 936 4277 asportavit.
976 4191 1057 4256 Deni
1083 4214 1139 4265 ue,
1168 4205 1203 4258 ut
1225 4191 1288 4257 boc

162 4277 278 4343 curtius
299 4272 431 4350 credas,
462 4272 620 4360 navigium
643 4272 736 4340 Isidis
759 4277 923 4363 Aegyptus
947 4275 1029 4342 colit
1104 4283 1185 4341 anae
1206 4298 1286 4362 quo-

161 4384 240 4449 quc,
275 4359 383 4427 Acrisii
411 4356 491 4431 lilia,
522 4355 564 4424 ad
591 4359 766 4427 castiorem
797 4359 946 4426 tuendum
977 4382 1087 4440 nerea,
1125 4375 1160 4429 ut
1187 4361 1285 4451 ajunt,

161 4460 249 4512 turre
269 4446 407 4521 inclusa,
429 4464 507 4508 auro
530 4442 667 4533 quidem,
687 4465 749 4510 non
771 4466 868 4510 aureo
891 4446 990 4512 imbre
1013 4447 1053 4512 ab
1076 4444 1285 4513 eodemJore

121 4539 311 4619 lncorrupm
332 4544 389 4600 est
432 4526 529 4595 Unde
556 4528 720 4617 eleganter
749 4529 918 4598 Horatius:
955 4531 1120 4598 Converso
1145 4531 1182 4596 in
1202 4554 1285 4619 pre·

162 4618 252 4682 rium
281 4616 354 4684 eleo.
453 4656 456 4663 -
