2640 5130
150 674 267 747 Notae
290 672 439 748 Celticae
459 675 505 759 in¹
520 671 628 770 myth.
654 672 732 764 111,
762 669 806 765 1,
850 668 989 746 l-l.
1054 672 1134 749 -111

10 861 83 927 Leg.
102 877 188 931 quae‚·
218 856 329 928 quiod
344 858 369 909 in
387 872 482 910 rasura.
511 883 542 894 -
567 874 591 922 p.
611 859 707 917 153,1
738 853 895 923 Remigius).
931 856 979 909 “in
1005 873 1134 911 commen-

10 935 81 984 tario
101 931 256 998 nrnpliusinru
273 929 305 980 nd
322 928 475 980 Mattianum
494 927 640 993 Capellam,
665 926 733 992 qnod
758 942 821 988 noua
840 942 889 977 non
914 929 1056 994 spernenda
1073 946 1134 981 eni·

10 1005 113 1056 ditione
131 1002 266 1063 refertum,
294 1007 412 1068 typorum
431 999 513 1050 iucem
538 1013 588 1048 non
606 998 732 1049 immerito
753 1004 890 1064 expectare
914 999 1038 1051 videtnr'’.
1073 1001 1133 1053 Μ..

10 1090 70 1129 ruo.
90 1101 125 1112 -
160 1074 195 1122 In
211 1070 315 1140 magnis
333 1088 392 1121 uero
409 1070 519 1148 dispar..
544 1078 575 1117 u!
593 1068 633 1147 ait
649 1075 698 1120 etc.
717 1067 804 1147 Ν.Ι-
820 1070 839 1118 2
857 1073 927 1132 vero)
944 1079 1034 1120 nutem
1050 1071 1082 1129 L.
1100 1100 1135 1112 -

10 1161 113 1268 nn.
130 1137 689 1281 nnu}·.··..}.:3n;2..in.·.
712 1139 806 1260 ..3:352
821 1137 941 1264 nsi
953 1142 1136 1280 ..³

10 1302 100 1337 eausa
114 1303 144 1352 p.
162 1282 201 1346 L3
228 1282 349 1350 patiendi
367 1298 450 1333 cauno
468 1281 492 1333 N
500 1299 508 1344 ς
522 1278 644 1348 pariendi
660 1277 774 1331 habeant
792 1289 919 1333 naturam
937 1283 967 1335 C.
986 1305 1020 1320 -
1059 1283 1134 1335 Unde

10 1359 75 1425 est)
92 1355 153 1405 inde
169 1363 210 1404 est
228 1354 265 1416 L;
283 1370 320 1405 ec.
337 1352 405 1421 apud
422 1353 495 1417 virg.
514 1354 563 1406 Ge.
580 1352 613 1414 2.
628 1352 690 1403 ³26.
708 1377 742 1389 -
760 1353 777 1402 d
795 1350 896 1417 laetae)
915 1352 1000 1417 Mnjtu
1016 1353 1080 1405 late.
1097 1383 1133 1395 -

10 1426 125 1495 autam)
142 1441 203 1474 uero
220 1424 253 1475 N.
272 1449 305 1462 ·-
320 1431 337 1482 7
354 1432 485 1475 uocantur
502 1424 524 1474 C
543 1422 576 1473 D.
594 1447 629 1460 -·
646 1421 696 1487 ut)
713 1436 763 1474 otu.
783 1422 820 1484 L;
838 1421 930 1474 deinde
940 1424 1018 1492 quasi
1030 1425 1133 1490 juvans

10 1515 39 1569 p.
58 1524 93 1536 -·
111 1501 130 1547 8
145 1493 209 1545 liber
226 1503 304 1561 paler
321 1491 353 1545 C·
369 1523 404 1534 -
421 1493 503 1561 dato)
521 1509 573 1546 otu·
596 1494 669 1546 Seru.
693 1519 729 1532 ·-
750 1491 829 1558 dicit)
856 1509 906 1546 ann.
924 1493 959 1545 N.
976 1518 1010 1534 ·-
1029 1499 1046 1547 9
1064 1498 1136 1565 quud

10 1585 98 1638 quum
115 1567 139 1618 L
159 1566 187 1617 Μ
206 1565 239 1616 Ν.
257 1593 291 1605 -
308 1582 326 1613 a
343 1582 447 1633 corpore
471 1573 559 1615 tannen
575 1562 662 1629 lamo)
681 1562 762 1632 quani
772 1561 872 1633 sactus
895 1561 930 1613 ab
953 1565 1031 1617 liumo
1047 1567 1080 1619 1..
1098 1595 1133 1607 -

11 1643 46 1690 11
68 1637 161 1687 multis
178 1635 279 1700 tannen)
296 1635 437 1705 multisque
454 1636 487 1691 L.
507 1663 543 1676 —
566 1634 595 1685 in
618 1631 711 1685 multis
734 1642 823 1685 tamen
842 1651 892 1702 per
917 1632 1135 1702 dispensationem

10 1709 72 1759 siue
88 1707 269 1758 diversitatem
287 1724 309 1755 c.
327 1725 353 1757 ν.
379 1707 521 1759 11.-13
549 1706 628 1755 Nunc
649 1713 739 1754 nutem
765 1704 832 1772 etc.)
867 1704 952 1773 Caput
975 1708 1136 1770 (tractatum

11 1779 57 1832 nic
67 1786 94 1832 et
110 1781 136 1830 in
152 1778 257 1844 reliquis
274 1783 347 1828 vaunt
361 1777 402 1841 Μ)
418 1777 448 1827 de
465 1779 583 1829 Saturno
600 1773 640 1828 hie
657 1776 745 1844 incipit
761 1775 848 1842 Mnjua
864 1782 891 1828 et
909 1778 940 1832 L.
954 1806 997 1820 -
1007 1778 1032 1830 11
1048 1787 1134 1833 antem

11 1852 87 1903 annai
117 1849 228 1918 capitum
253 1848 430 1901 distributione
453 1855 534 1903 earet.
551 1874 587 1887 -
622 1846 714 1913 Nunc)
742 1844 784 1910 N3
805 1855 838 1896 ut
860 1846 887 1900 Η
906 1847 945 1913 1.,
972 1849 1015 1915 qui
1043 1849 1135 1903 deinde

11 1929 76 1990 pout
92 1920 268 1970 &rimamur
285 1934 336 1971 non
353 1920 550 1987 interpungnut‚
566 1917 612 1970 ned
630 1917 720 1981 verba,
744 1933 759 1969 a
776 1917 868 1983 quibua
884 1933 931 1971 naa
948 1933 1040 1973 nauum
1057 1929 1134 1989 eaput

13 1991 94 2044 orditi
112 2006 213 2053 numm,
229 2006 265 2041 aa.
284 1990 404 2040 Primum
421 1990 540 2054 deorum,
564 1996 692 2055 tamqnam
715 1988 837 2057 npodotln
861 1996 966 2057 ponunt.
987 2018 1024 2031 -
1059 1993 1135 2060 Apud

13 2063 117 2128 Rujum
135 2068 289 2114 autemnon
307 2067 404 2112 tontum
423 2061 599 2113 desiderantur
625 2060 703 2112 verbu
728 2059 806 2109 Nunc
822 2070 913 2111 autem
930 2059 1063 2129 deinceps,
1087 2063 1133 2115 red

13 2149 65 2204 pra
72 2130 238 2200 inexplicitor
251 2131 434 2198 (inexplicatas
444 2132 466 2184 L
477 2131 516 2198 N)
525 2131 599 2184 nabin
610 2131 718 2182 affertur
728 2131 805 2182 etiam
820 2130 975 2199 Explioitan
991 2134 1060 2198 quod
1068 2149 1134 2200 qna-

12 2204 94 2258 nndo
111 2202 234 2271 explicari
252 2205 334 2268 pouit
352 2205 377 2256 in
403 2202 451 2256 hae
467 2203 649 2255 sententiarum
673 2216 804 2264 connexa.
827 2216 876 2252 nnn
901 2202 975 2254 inciie
997 2213 1036 2255 ert
1058 2205 1134 2258 iutel-

13 2276 96 2330 leatu.
114 2301 149 2314 -·
167 2276 202 2327 14
217 2290 299 2324 error.
314 2273 412 2329 revelo.
429 2273 462 2329 E.
480 2300 515 2313 -·
530 2271 660 2343 paruimus
678 2270 710 2324 L.
726 2276 810 2325 -1a
828 2272 1000 2324 auctoritatis
1015 2274 1038 2326 L
1054 2275 1086 2331 N.
1098 2303 1134 2317 -·

403 2420 439 2495 1.
490 2421 747 2497 Saturnus.

102 2557 131 2623 Ῑ.
173 2568 214 2626 Cf.
231 2569 264 2622 nd
286 2567 368 2636 myth.
391 2568 431 2633 11,
450 2574 473 2624 1.
498 2594 533 2608 ·-
556 2567 662 2620 dearum
680 2577 784 2621 satum.
808 2570 840 2625 L.
865 2597 899 2611 -
924 2575 959 2624 ta
983 2570 1134 2642 bohemum)

16 2660 69 2697 on.
88 2643 122 2697 N.
142 2669 176 2681 -
194 2641 331 2692 habentem
349 2659 400 2690 ant.
418 2657 490 2708 caup.
508 2638 541 2690 L.
555 2667 589 2678 —
606 2643 643 2691 20
659 2639 827 2713 falcemque)
851 2657 904 2695 om.
926 2644 961 2695 N.
978 2670 1014 2684 -·
1031 2642 1136 2714 jalam

16 2716 52 2779 L,
66 2714 123 2768 aine
139 2713 240 2834 carnin.
258 2740 294 2752 -
310 2716 344 2763 21
364 2709 466 2763 devoret
485 2709 551 2762 LN.
569 2737 603 2751 -
620 2712 648 2762 in
661 2709 756 2763 dextra
772 2713 915 2782 tenentem)
932 2729 984 2768 am.
992 2715 1086 2784 Mnjur.
1098 2742 1134 2759 ..-

15 2788 55 2839 Ὠ
71 2783 193 2837 nonnuli
209 2784 233 2835 L
250 2781 284 2839 N.
302 2810 336 2823 ·-
350 2785 386 2835 28
404 2780 489 2854 aliqui
505 2781 545 2832 L.

99 2883 132 2952 2.
174 2898 248 2952 serv.
266 2896 300 2950 aa
317 2901 364 2951 1..
381 2900 415 2963 a.
432 2900 493 2950 nn.
508 2925 545 2938 -
561 2909 585 2951 v.
608 2897 645 2948 aa
667 2912 776 2966 regn...
804 2896 828 2951 1.
853 2866 940 2951 n'-
956 2901 991 2952 ar
1014 2909 1134 2971 ...μω

16 2979 70 3024 art.
85 2987 162 3041 quem
180 2987 239 3020 cum
256 2968 280 3021 L
298 2969 328 3022 Μ
345 2968 379 3024 Ν.
396 2996 430 3008 -
448 2972 485 3019 28
500 2970 541 3030 et)
559 2965 659 3019 Raima
685 2983 765 3020 onena
787 2974 828 3021 eut
853 2971 881 3022 in
898 2968 933 3022 Ν.
949 2997 986 3011 -
1006 2969 1036 3021 in
1053 2981 1135 3040 parte

10 3042 52 3099 1.,
69 3068 105 3081 -
121 3039 311 3090 admissurae!
333 3038 409 3110 regni
426 3037 495 3090 etati
537 3054 570 3087 ue
584 3037 690 3104 opidum
707 3038 730 3090 L
749 3037 783 3094 N.
800 3064 832 3080 ·-
851 3043 887 3092 29
906 3041 966 3091 Hae
983 3039 1134 3114 nititurque
1206 3052 1210 3061 ⁴

14 3111 54 3170 11.
70 3138 108 3152 -
124 3127 250 3182 magnum
267 3127 332 3179 apuu
352 3109 500 3177 impendens
557 3107 586 3159 Μ
603 3107 637 3159 Ν·
654 3135 690 3148 -
706 3112 743 3161 80
761 3109 957 3181 peragationem
976 3109 1010 3165 L.
1026 3139 1063 3154 -
1083 3128 1132 3184 po·

10 3182 94 3256 palor
109 3181 148 3232 ad
165 3197 193 3232 oe
211 3179 321 3233 tranem
338 3180 361 3232 L
377 3181 410 3237 N.
428 3205 464 3222 -
480 3183 514 3231 ³1
539 3177 668 3230 nonninari
688 3178 712 3232 L
736 3179 771 3234 N.
786 3207 823 3220 -

99 3280 131 3349 3.
171 3315 201 3350 er
218 3298 244 3360 o)
257 3305 346 3346 autem
361 3294 385 3348 L
402 3294 436 3348 N.
452 3322 488 3335 —
500 3302 596 3362 poetae
609 3302 642 3344 ut
650 3302 746 3362 poetae
759 3291 825 3346 ballo
838 3314 865 3348 u.
876 3301 969 3364 utpote
980 3301 1031 3351 etc.
1045 3294 1082 3349 11.
1098 3323 1133 3336 -

14 3375 52 3425 ω
75 3369 113 3452 a)
131 3385 184 3425 um.
198 3316 243 3430 Ν,
268 3383 398 3437 regnaque
420 3365 511 3417 11.-
526 3363 665 3432 expulsum
685 3364 720 3418 L·
735 3365 770 3418 N.
794 3393 830 3406 -
854 3365 1023 3417 Marmarici
1045 3365 1081 3418 11.
1098 3393 1134 3406 -

14 3446 52 3496 85
63 3440 158 3493 annio
172 3439 213 3503 Ν,
229 3437 370 3488 denunciat
384 3436 419 3491 H.
434 3466 469 3478 -
481 3440 515 3488 31
529 3453 587 3485 cum
599 3443 683 3486 nnovet
699 3435 736 3490 H.
752 3463 787 3476 -
826 3433 901 3489 Unde
911 3437 970 3505 ert)
985 3453 1027 3505 ap.
1042 3436 1134 3491 Horat.

13 3507 454 3576 c.2‚1'1‚19.-³eumtae)om.
470 3507 497 3558 M
514 3504 547 3559 N.
582 3505 680 3558 Eadem
693 3504 767 3559 nabet
781 3507 899 3561 Sermd
912 3508 962 3563 Ge.
980 3511 1003 3571 1,
1023 3511 1086 3560 ³88.
1097 3535 1134 3548 -

13 3583 96 3638 vin
114 3580 188 3645 alio)
204 3596 255 3633 am.
269 3579 349 3631 N.-
362 3581 398 3630 40
417 3577 542 3629 nociva
562 3577 585 3628 L
607 3575 694 3630 Μ.-
707 3577 850 3646 apportat)
863 3577 1029 3645 operaturN·
1043 3607 1079 3619 -
1096 3582 1133 3632 4³

13 3649 66 3709 ool.
87 3650 241 3713 maurina,
257 3667 338 3700 venue
357 3648 380 3700 L
401 3647 426 3701 N
433 3666 441 3712 ;
459 3646 617 3702 autcarius.
637 3645 693 3712 sol,
713 3665 795 3700 unua
813 3648 852 3702 11.
869 3676 904 3686 -
939 3650 1076 3702 “Mercurii
1102 3665 1156 3701 aa⁴

14 3724 127 3777 Venerin
147 3722 329 3774 revolutionem
358 3721 438 3771 muita
458 3718 597 3770 breuiorem
618 3733 674 3770 aare
693 3719 785 3784 rotari,
816 3718 968 3787 quamodo
989 3719 1133 3785 ignontt”

14 3795 121 3849 flunt.
137 3819 175 3835 -
194 3790 284 3856 aliua)
303 3789 386 3841 nulius
407 3790 443 3841 11.
467 3817 501 3829 -
527 3787 638 3839 bieruum
663 3787 699 3842 H.
728 3817 763 3829 -
787 3806 813 3858 p.
839 3793 905 3854 1⁵4,
930 3794 944 3842 l
977 3789 1133 3842 Lauinium

13 3866 63 3929 113
91 3862 278 3915 duodecennium
300 3858 333 3913 N·
354 3888 390 3900 —
409 3868 563 3911 transerunt
586 3859 609 3910 L
629 3858 662 3910 Ν.
697 3860 739 3913 Da
754 3862 866 3913 Saturno
888 3862 962 3914 Serv.
987 3860 1030 3913 td·
1049 3863 1086 3917 G.
1108 3864 1133 3924 1,

11 3939 84 3989 ⁸³62
120 3933 216 3986 “saian
242 3939 295 3993 est,
317 3931 421 4000 inquit.
446 3931 489 3995 qui
515 3936 543 3982 et
576 3929 678 3996 longino
705 3945 723 3983 a
753 3931 809 3986 noio
832 3931 962 3998 ditanda,
987 3938 1015 3985 et
1040 3932 1078 3985 bio
1099 3931 1133 3984 ad

13 4004 215 4072 umqnodque
236 4004 336 4069 rignum
353 3999 491 4054 reeurrnt''

99 4103 131 4170 ⁴.
173 4120 265 4170 Senem
289 4131 392 4187 quoque
413 4113 445 4168 L.
466 4131 608 4165 -uenum
627 4123 669 4165 ent
688 4124 719 4166 ut
741 4115 827 4168 calore
844 4119 907 4186 juv.
929 4114 1054 4167 destituti
1060 4113 1134 4187 frig.

12 4189 137 4246 nnuma
156 4189 181 4243 L
200 4187 241 4253 N3
267 4203 336 4268 aune
359 4185 436 4267 lectio
454 4183 697 4269 praeferendnuernt
717 4195 822 4256 propter
837 4184 1000 4269 parenthesin
1023 4202 1078 4255 seq.
1098 4215 1133 4226 ·-

10 4277 90 4316 mea
112 4279 135 4315 c.
153 4262 180 4329 j.
204 4257 327 4312 deotriun
341 4257 413 4329 frig.
432 4255 555 4307 laborant
582 4256 682 4336 liujus..
698 4261 770 4309 -1
799 4260 894 4324 exunt.)
917 4275 935 4306 a
951 4256 1070 4326 pellatur
1092 4257 1117 4310 N
1124 4276 1134 4323 ς

11 4333 60 4386 oet
75 4331 159 4383 eliam
176 4328 346 4380 existimatur
366 4329 438 4380 addit
456 4328 487 4381 L.
500 4354 534 4365 -·
553 4335 741 4379 ternotus-remur
760 4328 856 4395 Mujua,
874 4343 925 4397 apti
965 4343 1040 4394 quem
1061 4344 1133 4395 seqq.

12 4418 99 4470 nque
120 4401 155 4454 nd
175 4400 252 4453 radin
281 4402 356 4466 Quae
388 4398 414 4446 α’
437 4397 560 4475 reginario
586 4404 636 4449 etc.
666 4398 850 4452 deriderentur.
879 4402 915 4438 ·-”·
942 4402 960 4450 8
986 4399 1024 4450 aie
1051 4399 1134 4449 eriam
1159 4438 1162 4443 .

13 4473 97 4599 aquis
117 4472 155 4534 1.;
182 4471 219 4521 sir
241 4470 319 4540 aquis
339 4468 421 4518 etiam
450 4467 482 4521 N.
512 4495 545 4505 -
578 4467 734 4519 caelestibus
757 4468 779 4521 L
807 4471 841 4523 N.
860 4495 897 4510 -
920 4472 939 4523 9
965 4469 1007 4538 et)
1034 4486 1086 4522 am.
1108 4471 1132 4522 L

43 4583 49 4596 .
73 4570 111 4582 ·-
134 4558 202 4613 quau
225 4541 254 4604 a)
277 4555 345 4608 quae
362 4538 443 4587 etiam
463 4554 481 4586 a
502 4535 536 4588 N·
554 4562 590 4574 -
611 4542 644 4589 10
666 4537 763 4605 effectu
785 4541 809 4592 L
830 4541 920 4596 11.·-
938 4541 1132 4607 oideliaemci·

14 4616 77 4666 liu-et
102 4611 136 4665 Ν.
161 4639 197 4652 -·
218 4614 247 4662 11
271 4630 321 4660 nuu
350 4605 446 4658 habeat
475 4605 606 4656 ‹liniriuilia
632 4608 670 4671 L3
698 4607 795 4661 liudem
825 4611 869 4675 Μ,
898 4609 1013 4662 labeoni
1042 4613 1076 4666 H.
1099 4641 1132 4650 -

11 4686 143 4756 positus).
180 4683 244 4748 Lag.
260 4680 349 4751 nonita
366 4694 423 4733 eum
444 4678 477 4736 L.
496 4680 586 4730 -12
600 4679 699 4742 tamen)
719 4695 769 4739 om.
791 4682 857 4737 111
872 4682 912 4750 Ν;
931 4685 955 4735 in
970 4683 997 4735 H
1015 4684 1043 4736 id
1061 4699 1133 4736 a...
