2640 5130
462 190 642 292 uyuap.
669 192 702 262 1.
757 187 964 280 aa-aa.

215 359 282 451 56.
335 375 580 470 Hercules,
627 373 852 450 Alcinous
887 387 928 448 et
964 320 1207 478 Harpyiae.

224 504 398 584 Alcimus,
425 502 610 569 Phaeacum
636 524 712 580 rex,
752 503 918 570 laborabat
944 503 985 568 ab
1008 504 1169 594 Harpyiis.
1221 504 1271 571 ad

150 614 245 680 quem
272 587 427 656 Hercules
448 588 593 682 veniens,
623 610 720 676 quum
741 587 804 655 boc
833 588 1030 738 aquariasat.
1063 588 1270 677 praestolatus

151 689 201 743 est
221 696 329 742 earum
361 673 550 750 adveutum,
585 671 627 738 ad
658 695 797 739 mensam
830 675 919 742 solta
948 695 1037 738 more
1067 677 1271 754 venientium

128 778 231 912 apocopa
260 760 435 913 rulnpatas
464 755 601 846 reppulit
627 779 779 846 aregno.
821 759 892 827 Has
921 759 1053 825 Ovidius
1084 761 1273 850 Stympha-

103 877 107 886 >
165 870 175 911 r
212 871 242 910 rs
263 867 342 911 roca
1214 902 1218 910 .

360 1008 429 1083 57.
481 1011 705 1085 Hercules
738 1023 781 1084 et
814 1009 1055 1086 Cerberus.

221 1139 408 1218 'Heredem
440 1135 482 1205 ad
512 1138 631 1205 inferos
666 1135 864 1205 descendens
909 1151 1056 1226 rapturus
1097 1133 1271 1215 Theseum,

153 1225 271 1305 timuit,
310 1248 351 1292 ne
381 1223 561 1297 Cerberus.
596 1222 628 1288 ia
662 1220 745 1288 illum
780 1224 951 1302 transies,
989 1223 1143 1289 laceraret
1178 1221 1271 1288 illum.

108 1312 353 1398 roQuapropter
387 1308 522 1376 insiliens
553 1307 585 1374 in
617 1306 811 1388 Cerberum,
845 1313 939 1376 traxit
971 1330 1043 1374 eum
1077 1308 1118 1372 ab
1153 1307 1271 1372 inseris.

150 1395 319 1483 Quumque
349 1391 503 1461 insolitam
529 1391 630 1459 lucem
658 1390 784 1462 vidisset
804 1414 1009 1481 superorum,
1042 1413 1184 1482 spumam
1214 1414 1271 1457 ore

148 1482 258 1570 ejecit,
279 1504 318 1546 ex
335 1501 442 1566 eaque
462 1497 574 1567 spuma
594 1475 709 1543 dicitur
729 1490 803 1545 nata
827 1479 924 1547 luisse
953 1479 1054 1544 herba
1080 1476 1270 1556 venenifera,

148 1568 273 1633 naariae
300 1564 467 1633 aconitum.
517 1563 600 1631 Nam
629 1563 792 1629 Cerberus
818 1575 902 1631 terra
931 1575 995 1640 est,
1024 1584 1107 1650 quae
1134 1562 1270 1629 omnium

148 1673 318 1741 corporum
359 1647 550 1718 eonsumtrix
590 1660 646 1715 est
709 1647 804 1714 Unde
841 1650 1002 1717 Cerberus
1037 1647 1152 1716 dieitur
1182 1648 1271 1737 quasi

108 1731 343 1828 loupaossdp'oc,
371 1732 404 1801 id
426 1746 475 1802 est
495 1755 633 1800 carnem
654 1756 787 1802 vorans.

228 1918 295 1995 bu.
348 1917 596 2006 Hercules,
635 1917 875 2010 Deianira,
918 1916 1102 1994 Oeneus
1145 1929 1190 1993 et

572 2016 838 2091 Centaurus.

231 2149 379 2226 Oeneus,
405 2144 596 2214 Parthaonis
615 2143 712 2224 lilius,
734 2169 788 2214 rex
810 2145 966 2228 betullae,
986 2147 1143 2235 regnique
1162 2136 1272 2211 sedem

149 2235 269 2302 babeas
288 2233 319 2299 in
335 2229 518 2320 Calydone,
538 2230 719 2299 Deianiram
741 2233 833 2298 liliam
853 2233 980 2314 habuit,
1002 2255 1095 2322 quam
1115 2229 1270 2296 Hercules

106 2335 182 2389 auat
213 2318 365 2407 alphios,
398 2319 450 2406 qui
482 2328 516 2403 et
542 2314 714 2397 Achelous,
744 2319 818 2385 dum
847 2332 992 2407 peterent
1018 2323 1050 2383 in
1079 2315 1271 2406 eonjugium,

149 2419 241 2508 pater
260 2399 406 2492 opposuit
426 2399 482 2467 illis
504 2400 586 2467 banc
605 2400 729 2487 legem.
751 2417 786 2470 ut
805 2404 936 2470 invicem
959 2403 1192 2479 conluctantes,
1217 2401 1270 2487 qui

148 2513 179 2557 tn
202 2486 373 2556 certamine
390 2485 520 2555 alterum
542 2485 699 2563 vinceret,
720 2487 770 2553 ille
785 2488 968 2555 ‘Deianiram
986 2511 1114 2554 uxorem
1131 2485 1271 2551 duceret

148 2575 212 2652 Qui
233 2594 329 2662 qurum
349 2583 509 2640 certamen
528 2570 657 2651 inirent,
685 2573 860 2653 Achelous,
883 2577 1030 2662 magicae
1052 2573 1127 2638 auis
1148 2584 1271 2659 potens,

148 2660 181 2725 in
214 2659 315 2724 varias
344 2679 380 2724 se
413 2656 551 2724 lsrarum
581 2655 699 2722 lormas
728 2661 875 2733 mutavitt
913 2675 946 2729 et
974 2658 1101 2727 tandem
1129 2657 1160 2721 ia
1189 2656 1271 2723 tauri

107 2768 165 2818 aas
189 2745 289 2811 eciem
317 2753 471 2822 mutatus,
501 2744 542 2807 ab
572 2740 713 2808 Hercule
739 2757 788 2810 est
807 2745 925 2824 victus,
953 2757 986 2811 et
1006 2744 1150 2811 dextrum
1171 2764 1272 2808 cornu

149 2769 321 2897 allscissum
359 2827 576 2915 proturbatum
612 2840 669 2894 est
730 2828 827 2903 Quod
864 2829 1031 2919 Nymphae
1068 2828 1271 2916 accipientes,

148 2917 313 2984 Fortunae
354 2934 391 2978 ro
411 2911 497 3002 dono
519 2910 712 2981 obtuleruut:
739 2914 826 3002 quod
847 2913 992 2983 Fortuna
1013 2915 1157 2980 omnibus
1180 2914 1270 2979 bonis

149 3000 299 3089 impleus,
329 2935 468 3087 bapino,
494 2997 655 3066 ministrae
674 3021 767 3081 suae,
795 2995 937 3077 tradidit,
971 3013 1006 3068 ut
1026 3022 1105 3086 quos
1124 2998 1270 3063 Fortuna

154 3086 261 3153 lovere
289 3082 396 3163 vallet,
429 3083 521 3168 copia
548 3082 605 3150 illis
632 3083 744 3150 exinde
769 3082 810 3150 ad
838 3083 961 3171 plenum
986 3095 1135 3150 manaret.
1163 3082 1273 3148 ¹Unde

110 3170 315 3239 concretius:
335 3168 430 3234 Hinc
442 3166 508 3232 tibi
523 3168 621 3254 copia
631 3171 681 3232 ad
715 3169 830 3234 lauram
840 3168 987 3257 benigno
998 3191 1103 3232 cornu
1113 3167 1271 3230 uranabit

151 3255 314 3319 bonorum
333 3251 495 3339 opulenta
514 3252 619 3316 ruris.
662 3193 817 3342 ulphilas,
845 3276 903 3319 seu
925 3254 1096 3332 Achelous,
1119 3252 1270 3317 confusus

151 3337 266 3405 Alcidis
298 3336 429 3423 virtute,
467 3349 604 3403 mutatus
638 3353 687 3406 est
716 3340 747 3404 iu
774 3360 914 3418 amnem,
952 3338 1076 3426 clapsus
1107 3337 1270 3403 hostilibus

151 3423 277 3514 palmis;
307 3431 340 3488 et
359 3421 472 3488 timeus
492 3443 632 3510 semper,
660 3445 701 3488 ne
720 3446 852 3526 usquam
875 3439 1026 3526 appareat
1045 3423 1158 3489 inimici
1179 3443 1272 3509 prae-

152 3510 268 3588 sentia,
280 3527 346 3657 1per
367 3527 506 3571 concam
527 3518 681 3573 terrarum
703 3509 793 3576 undu
815 3509 940 3576 Siciliae
961 3508 1070 3574 aliluit
1113 3506 1270 3572 Hercules

110 3621 145 3669 35
154 3606 267 3683 postea
313 3591 459 3656 contram
480 3591 618 3659 insuam
639 3606 825 3681 potestatem
847 3595 1022 3681 accipiens,
1049 3591 1090 3673 ad
1113 3591 1272 3680 quendam

153 3680 280 3745 lluvlum
307 3675 448 3764 pervenit
475 3676 588 3741 nimiae
617 3679 848 3765 profunditatis.
891 3681 995 3755 Quem
1021 3699 1116 3766 quum
1139 3678 1273 3744 transire

152 3785 215 3828 noa
249 3773 373 3850 posset,
407 3782 477 3826 eam
511 3758 672 3850 deposuit,
705 3765 886 3852 clavamque
917 3788 988 3830 cum
1021 3762 1146 3864 reliquis
1177 3763 1273 3828 armis

151 3869 260 3915 secum
291 3847 476 3924 transvexit,
506 3858 543 3911 ut
571 3858 643 3934 post
670 3862 859 3915 exoneratus
886 3872 956 3915 eam
984 3848 1131 3936 expedito
1159 3847 1272 3924 lerrct;

152 3945 185 4000 et
211 3932 333 3997 interim
361 3952 431 3994 eam
458 3929 562 3995 Nesso
589 3933 750 3999 Centauro
778 3934 1015 4001 commendavit.
1056 3934 1162 4008 Quum
1190 3954 1272 4019 ergo

109 4016 194 4092 aoad
212 4016 295 4084 illam
315 4014 588 4101 transportandam
608 4015 697 4083 vellet
718 4020 848 4099 reverti,
880 4020 954 4085 cidit
978 4017 1112 4085 eundem
1135 4016 1273 4084 Nessum

153 4105 348 4170 Centaurum
367 4122 438 4165 cum
461 4123 498 4164 ea
518 4121 586 4184 rem
608 4099 735 4168 babere.
777 4104 916 4170 Feruens
948 4105 1046 4192 igitur
1065 4105 1128 4181 ira,
1158 4104 1274 4170 emissa

151 4187 267 4275 sagitta
289 4184 436 4266 toxicata,
460 4183 629 4252 vulneravit
648 4208 739 4268 eum;
760 4189 849 4278 cujus
870 4211 965 4257 cruor
986 4190 1018 4256 in
1038 4210 1190 4259 venenum
1204 4211 1273 4255 rer-
