2640 5130
156 556 236 636 aaa
438 555 621 659 napum.
647 557 701 630 ιι.
755 554 834 630 rsn
853 557 1016 634 ..soa

154 744 213 833 ipsi
228 742 354 810 'valleris
382 739 546 808 auferendi
574 762 615 807 ea
643 741 718 894 legp
746 741 921 820 concessit,
957 741 985 810 si
1013 754 1136 825 tauros,
1169 745 1279 834 lgnem

155 828 284 896 naribus
303 829 467 905 efflantes.
499 825 554 915 (tui
575 826 661 915 apud
710 823 818 894 olchos
838 825 1045 895 indomabiles
1071 843 1178 908 erant,
1206 834 1279 923 jun-

156 937 254 1000 gens,
283 911 430 981 draconis
450 910 562 981 dentes
582 923 714 979 sereret
756 912 820 980 cui
839 934 936 999 quum
956 912 988 979 id
1007 913 1135 982 difficile
1157 916 1280 984 ridere-

158 1016 227 1079 tur,
253 996 370 1065 Medea
391 1018 506 1085 magn,
538 1000 657 1065 Aeetae
678 996 767 1083 regis
787 996 866 1076 lilia,
888 998 1001 1064 virtute
1021 998 1089 1086 ejus
1111 1001 1280 1083 delectata,

131 1079 236 1158 scuni
259 1104 356 1172 quum
375 1085 539 1162 lamasset‚
569 1097 747 1170 serpentem
779 1082 966 1162 incantavit,
1002 1098 1036 1152 et
1067 1085 1099 1150 in
1131 1109 1280 1177 soporem

157 1169 257 1237 vertit.
306 1170 411 1244 Quem
432 1168 535 1234 statim
565 1167 660 1236 lason
688 1166 864 1246 interfecit,
894 1166 1025 1256 ejusque
1054 1169 1165 1239 dentes
1193 1175 1279 1240 acci-

75 1273 78 1286 ·
178 1256 263 1331 iens,
289 1250 408 1342 junctis
429 1251 566 1319 Medeae
586 1253 704 1321 artibus
724 1252 840 1332 tauris,
869 1251 977 1338 ignem
996 1255 1123 1322 naribus
1143 1258 1278 1324 efflanti-

154 1279 234 1416 ius,
268 1337 300 1403 in
326 1361 472 1427 campum
502 1338 624 1404 transiit
641 1349 674 1405 et
701 1339 789 1404 serit.
840 1337 952 1404 Tertio
973 1335 1025 1405 die
1045 1353 1182 1409 armatus
1204 1342 1279 1408 indo

157 1423 292 1492 surrexit
319 1423 493 1501 exereitus,
525 1422 578 1510 qui
604 1423 637 1488 in
657 1422 802 1488 Iasonem
836 1421 987 1523 impetum
1018 1423 1102 1493 lecit.
1153 1427 1279 1494 Deinde

117 1507 295 1576 1⁰Medeae
315 1509 435 1576 artibus
455 1508 486 1574 in
508 1531 545 1573 se
565 1507 758 1586 concitatus,
791 1519 906 1573 mutuis
938 1520 987 1574 est
1012 1509 1194 1579 interemtus
1213 1515 1280 1578 vul-

156 1592 294 1661 neribirs.
346 1593 458 1676 lason,
499 1592 629 1660 victoria
664 1593 799 1679 potitus,
843 1591 977 1660 ablatam
1004 1595 1115 1682 pellem
1150 1600 1279 1665 revexit.

155 1677 282 1746 Deinde
316 1678 432 1745 Medea
464 1699 554 1756 eum,
594 1675 713 1744 relictis
747 1674 894 1756 Colchis,
930 1700 1066 1763 sequens
1095 1680 1210 1749 dieitur
1247 1685 1278 1748 in

133 1765 278 1832 'lnttnm
298 1763 495 1853 pervenisse,
528 1774 562 1829 et
581 1761 715 1851 populos
734 1760 905 1849 quosdam,
939 1763 1024 1830 circa
1045 1765 1201 1834 Fucinum
1223 1767 1279 1835 ha-

156 1851 292 1917 bitantes
310 1849 431 1930 lacum,
451 1845 591 1915 remedia
615 1860 726 1915 eontra
746 1858 909 1934 serpentes
931 1846 1097 1930 decuisse;
1125 1874 1144 1917 a
1166 1852 1279 1940 quibus

116 1935 252 2003 foedam
272 1933 427 2022 Angitin
449 1932 607 2002 nominata
627 1944 692 2015 est,
730 1954 769 2000 eo
796 1930 885 2020 quod
914 1931 982 2023 ejus
1004 1937 1194 2006 caraninibus
1212 1961 1280 2006 ser-

108 2098 112 2107 ,
155 2030 266 2111 pentes
284 2029 509 2108 angerentur.

556 2210 648 2287 157.
707 2210 887 2289 Medea.

240 2340 337 2408 lason
358 2351 526 2444 postquam
545 2337 693 2406 Medeam
714 2340 745 2405 in
758 2338 927 2404 Graeciam
951 2331 1049 2417 duxit,
1071 2347 1104 2405 et
1116 2339 1278 2440 promisso

160 2426 219 2493 sibi
240 2426 389 2515 conjugio
411 2424 585 2513 copularit,
616 2447 654 2490 ex
676 2425 778 2491 multis
802 2426 897 2489 rebus
916 2422 1076 2510 ingenium
1096 2447 1163 2505 erus
1184 2437 1279 2493 nntea

119 2524 330 2600 ,oexpertum
351 2508 478 2577 demum
500 2510 606 2599 petiit,
626 2525 660 2578 nt
681 2521 841 2597 parentem
866 2511 1020 2574 Aesonem
1042 2509 1075 2573 in
1095 2508 1279 2576 adolescen-

156 2597 232 2663 tiam
252 2594 504 2663 transformaret.
544 2593 664 2673 Atilia,
685 2594 824 2660 nondum
844 2615 956 2660 amere
975 2592 1096 2680 posito,
1131 2617 1224 2681 quem
1245 2598 1279 2662 in

157 2703 230 2747 eum
252 2680 378 2759 habuit,
411 2681 544 2761 herbas,
571 2702 703 2767 quarum
725 2681 869 2746 virtutem
894 2692 1042 2758 noverat,
1077 2677 1207 2747 diversis
1226 2703 1279 2748 re-

156 2765 303 2852 gionibus
334 2766 511 2918 qpnesitas,
542 2765 644 2832 aheno
670 2767 860 2852 incoquens.
895 2766 1050 2830 desonam
1079 2764 1279 2834 interemtum

156 2848 332 2940 tepidisque
375 2851 458 2919 erbis
479 2851 579 2920 fetum
599 2850 631 2917 in
650 2850 813 2942 pristinum
835 2850 977 2936 rigorem
999 2846 1133 2915 reduxit.

115 3124 151 3172 ,5
358 3147 362 3160 ,
434 3071 525 3147 158.
578 3073 793 3148 Nutrices
830 3071 998 3147 Liberi.

239 3200 340 3268 Liber
360 3213 450 3290 peter
470 3214 506 3270 nt
525 3200 742 3268 animadvertit
762 3200 892 3268 Aesonis
913 3210 1108 3267 senectutem
1129 3198 1277 3268 remediis

155 3283 290 3354 Medeae
310 3287 487 3374 expulsam,
540 3289 625 3366 etiit,
655 3294 692 3353 uf
718 3286 855 3353 nutrices
887 3307 961 3351 suas
976 3286 1009 3349 in
1030 3285 1278 3352 adolescentium

156 3374 298 3474 vigorem
319 3384 464 3439 mutaret.
506 3311 606 3460 duim
624 3370 766 3458 petitioni
786 3370 1001 3449 consentiens,
1029 3369 1140 3436 iisdem
1173 3393 1277 3436 reme-

157 3458 233 3534 diis,
266 3457 378 3544 quibus
409 3471 442 3524 et
465 3460 568 3524 Aeson
589 3458 858 3547 injuvenescebat‚
886 3455 1152 3540 Liberi-nutrices
1175 3456 1206 3520 in
1221 3456 1276 3557 ju-

115 3540 288 3622 sprenilem
310 3542 451 3629 vigorem
471 3542 637 3629 redigens,
666 3543 785 3608 Libero
808 3557 969 3607 aeternum
992 3562 1101 3627 secum
1131 3541 1277 3607 benefecii

157 3627 272 3716 pignus
293 3628 436 3694 firmarit.
478 3627 545 3694 Sed
588 3649 661 3694 uum
683 3649 752 3694 eam
772 3628 866 3693 lason
888 3647 1057 3713 spernens,
1087 3625 1276 3714 superindu-

154 3723 243 3777 ceret
262 3711 421 3791 Glaucen,
442 3711 535 3778 filiam
557 3651 722 3793 decentis,
756 3710 872 3779 Medea
900 3709 988 3777 dedit
1031 3710 1108 3777 ellici
1125 3712 1275 3792 tunicam,

154 3795 279 3862 venenis
301 3810 333 3863 et
353 3797 423 3863 allio
443 3798 601 3884 infectam.
650 3799 754 3873 Qunam
775 3820 872 3886 quum
898 3796 947 3861 illa
971 3734 1133 3875 indueret,
1169 3798 1277 3884 coepit

154 3881 287 3947 cremari
305 3881 461 3948 incendio.
516 3884 611 3949 'l'unc
637 3882 773 3962 Medea,
808 3882 944 3948 animum
967 3880 1087 3948 Iasonis
1108 3893 1217 3948 contra
1238 3906 1275 3949 se

113 3965 320 4036 ansaesientis
351 3988 414 4032 non
444 3968 616 4048 sustinens,
657 3968 721 4034 auis
749 3968 935 4056 lasonisqne
975 3966 1056 4035 natis
1090 3966 1276 4052 interemtis‚

154 4051 237 4119 alato
252 4063 399 4142 serpente
419 4052 553 4141 aufugit.

548 4264 640 4340 159.
701 4268 878 4342 Pontia.

235 4393 351 4463 Pontia
371 4393 518 4462 meretrix
539 4393 680 4462 Petronii
701 4393 763 4459 lilia
784 4393 859 4474 fuit,
880 4414 963 4479 quae
983 4391 1062 4460 lilios
1082 4415 1157 4461 suos
1178 4416 1275 4482 pecu·

153 4480 357 4559 nicoenum,
378 4492 414 4547 ut
432 4502 502 4559 enm
524 4478 656 4546 donaret
676 4477 837 4559 adulteria,
863 4476 1008 4544 vendidit
1050 4480 1144 4553 Qune
1165 4493 1277 4567 postea

112 4576 194 4633 toas
211 4565 309 4654 ipsam
330 4565 485 4654 prodens,
512 4562 642 4652 largiter
663 4563 806 4651 epulata,
839 4562 942 4631 incisis
965 4563 1049 4629 venis
1064 4564 1164 4652 periit
