2692 4762
97 174 103 194 ⁸
160 224 237 301 rra
450 256 453 260 ι
515 218 698 323 nyuogr.
725 222 776 294 11.
832 217 926 297 aaa.
967 266 1015 297 .-

160 405 278 473 iulerro
320 402 468 471 Theseus
492 414 597 470 autom
609 405 751 491 Aegeum
772 397 908 505 patrem,
927 399 1166 470 tuncman'num
1179 398 1287 481 deum,

162 491 304 578 rogarit,
336 502 373 557 ut
395 512 431 554 se
462 486 676 554 ulcisceretur.
719 489 782 563 Qus
811 490 945 590 agitanti
969 508 1082 556 curros
1112 486 1287 577 Hippolyto

160 576 287 642 immisit
315 573 451 662 phocam
476 573 509 638 in
539 573 647 653 litore;
676 594 741 661 qua
771 595 844 661 equi
867 573 968 641 territi
996 594 1069 640 oum
1093 593 1191 638 curru
1211 594 1286 660 pro-

156 663 279 753 jectum
315 659 558 746 discerpserunt
606 655 674 724 Sed
708 657 885 762 Hippolyto
916 659 1101 737 interemto,
1134 657 1288 724 Phaedra

136 746 277 812 humoris
294 743 489 832 impatientia
507 743 620 832 laqueo
643 742 735 809 vitam
756 745 861 811 tinirrt
891 742 995 810 Diana
1010 753 1124 821 autem,
1141 742 1286 811 castitate

159 830 324 920 Hippolyti
345 840 519 908 commota,
546 828 703 895 revocarit
719 849 791 895 eum
812 829 844 895 in
864 829 958 896 vitam
976 850 1037 917 per
1054 829 1285 917 Aesculapium,

158 917 255 1016 filium
276 913 422 1003 Apollinis
444 925 477 981 et
497 911 686 992 Coronidis,
716 913 799 980 tiliae
819 912 1003 1063 Phlepyae,
1023 923 1130 980 natura
1152 924 1284 980 exsecto
1335 934 1344 973 r

160 997 1177 1174 'ttt'tteflt‘talttbtttffllt0ltttttt‘att‘ttt
1190 1020 1285 1148 lii!

121 1170 299 1249 remisisse,
320 1167 633 1248 iratusOoronidem,
652 1179 775 1235 maturo
789 1167 852 1257 jam
869 1181 972 1256 partu,
993 1168 1123 1235 confixit
1142 1168 1284 1257 sagittis3

161 1277 288 1322 corvum
311 1276 400 1333 uero,
431 1275 603 1341 pennarum
625 1252 766 1318 candore
785 1253 973 1341 plumatum,
1003 1255 1128 1341 nigrum
1150 1276 1190 1319 ea
1210 1252 1281 1319 albo

162 1340 253 1421 t'eoit,
281 1351 314 1407 et
342 1341 373 1404 in
401 1362 491 1405 suam
517 1337 645 1406 tutelam
668 1338 806 1426 recepit,
838 1351 1029 1426 exsectaque
1050 1348 1158 1405 ventre
1180 1338 1280 1404 Coro-

161 1423 258 1504 nidis,
279 1424 427 1512 produxit
448 1423 688 1512 Aesculapium,
709 1425 762 1510 qui
779 1424 881 1490 factus
896 1437 945 1491 est
961 1422 1136 1490 medicinae
1155 1422 1281 1511 peritus.

163 1510 323 1599 Phlegyas
350 1522 472 1589 autem,
500 1520 592 1597 pater
617 1507 803 1589 Coronidis,
830 1507 940 1575 dolens
963 1509 1057 1576 filiam
1080 1509 1119 1574 ab
1141 1508 1282 1597 Apolline

121 1595 318 1670 mritiatam,
349 1594 416 1683 ejus
445 1606 508 1662 tem
531 1594 593 1659 lum
615 1593 700 1681 apud
719 1593 861 1682 Delphos
880 1592 1028 1661 incendit
1069 1590 1164 1659 Unde
1185 1594 1282 1660 iratus

128 1732 132 1737 .
158 1680 268 1768 Apollo
302 1680 481 1769 Cyclopas,
509 1617 722 1745 intricatores
762 1678 940 1762 fulminum,
985 1678 1115 1745 confixit
1147 1678 1281 1766 sagittis.

159 1766 212 1832 0b
232 1787 325 1853 quam
347 1788 412 1830 rem
434 1762 594 1830 mortalem
613 1760 743 1831 indutus
768 1763 918 1844 sormam,
951 1786 972 1829 a
998 1764 1081 1830 Jove
1102 1761 1211 1852 jussus
1233 1776 1282 1830 est

96 1908 104 1925 ,
158 1849 282 1917 Admeti
305 1850 389 1936 regis
412 1870 522 1914 norem
544 1847 632 1914 annis
653 1848 739 1914 circa
760 1848 996 1937 Amphrysum,
1012 1846 1198 1915 Thessaliae
1219 1849 1280 1915 flu-

158 1934 257 2011 vium,
278 1956 411 2021 pascere
431 1944 588 2011 armenta,
608 1931 768 2000 divinitate
789 1932 943 2022 deposita.
986 1932 1053 1999 Sed
1073 1933 1178 1999 Diana
1198 1933 1285 2021 Hip.

115 2018 316 2106 aupolytunr,
346 2029 526 2084 reuocatum
548 2018 588 2083 ab
608 2017 733 2096 inieris,
760 2019 791 2085 in
812 2019 915 2084 Aricia
934 2017 1099 2107 Nymphae
1120 2041 1279 2084 commeo-

123 2153 127 2161 .
159 2104 243 2170 davit
270 2104 428 2188 Egeriae,
459 2115 492 2169 et
520 2124 593 2168 eum
615 2103 773 2183 virbium,
794 2104 883 2191 quasi
904 2101 955 2168 bis
976 2103 1090 2166 virum
1106 2102 1202 2192 jussit
1222 2126 1276 2170 ro·

158 2189 232 2255 cari.
274 2188 401 2252 Revera
426 2198 530 2253 autem
558 2187 685 2253 Virbius
713 2201 762 2255 est
787 2211 901 2254 numen
923 2187 1122 2277 conjunctum
1145 2188 1278 2269 Dianae,

157 2284 193 2338 ut
213 2272 304 2336 matri
325 2269 420 2336 deum
439 2272 525 2351 Atis,
552 2270 713 2338 Minervae
737 2272 977 2350 Erichthonius,
1011 2272 1127 2338 Veneri
1148 2272 1276 2340 Adonis.

156 2353 287 2422 Habent
307 2377 442 2442 nouaque
463 2354 586 2442 singula
607 2359 732 2424 numina
746 2358 910 2424 interiores
926 2369 1098 2445 potestates
1111 2358 1276 2425 ministras.

114 2439 325 2505 25Variantur
351 2454 455 2506 autern
489 2464 507 2504 a
538 2442 639 2540 poetis
669 2441 801 2509 tabulae.
844 2443 927 2509 Nam
951 2440 1100 2528 Virgilius
1121 2442 1274 2530 perhibet,

156 2524 360 2612 Hippolytum
394 2527 434 2590 ab
462 2525 570 2591 inserts
601 2549 671 2591 esse
704 2540 894 2594 revocatum.
961 2527 1113 2592 Horatius
1148 2542 1274 2593 contra:

156 2607 278 2694 Neque
305 2610 396 2672 enim
425 2608 548 2672 Diana
569 2611 736 2696 pudicum
758 2611 884 2676 liberat
905 2611 1148 2697 Hippoln‘trrrrr.
1192 2612 1274 2676 Nam

154 2693 344 2782 llippolytus
368 2693 441 2759 licet
461 2692 565 2759 discer
589 2708 638 2761 tus
658 2696 690 2760 in
712 2696 804 2763 uitam
827 2694 1000 2763 secundum
1029 2696 1151 2763 fabulas
1173 2696 1274 2764 redie-

153 2778 210 2859 rit,
231 2790 336 2846 tamen
357 2777 466 2845 mortis
487 2801 547 2845 con
571 2780 699 2848 itionem
721 2781 856 2848 eradere
877 2802 939 2846 nou
959 2780 1072 2868 potuit

111 2970 162 3068 ao·
510 2992 604 3069 129.
659 2996 921 3094 Oenopion.

236 3121 423 3208 Oenopion,
463 3121 517 3208 qui
547 3133 580 3188 et
610 3121 766 3206 Pelnrgus
796 3120 925 3196 dicitur,
956 3141 1010 3186 rex
1040 3142 1136 3207 quum
1159 3117 1272 3183 liberos

153 3223 215 3267 non
236 3202 386 3286 haberet,
416 3207 548 3285 uJove,
579 3206 757 3286 Mercurio,
786 3205 1013 3293 Neptunoque,
1036 3229 1116 3353 (puros
1138 3204 1272 3290 hospitio

152 3302 349 3375 susceperat,
387 3291 599 3364 hortantibus,
635 3306 669 3358 ut
699 3293 739 3355 ab
761 3290 808 3355 his
830 3291 933 3376 aliqua
954 3302 1045 3378 postu
1059 3303 1144 3366 aret,
1176 3288 1272 3377 petiit,

153 3386 188 3437 ut
223 3373 281 3437 sibi
321 3375 533 3442 concederent
567 3376 634 3440 sine
671 3377 808 3465 conjuge
835 3375 956 3441 liberos.
1012 3375 1075 3454 llli,
1111 3376 1193 3440 intra
1222 3396 1274 3439 cu-

111 3457 234 3524 aorium
278 3457 427 3526 immolati
468 3462 525 3526 sibi
561 3461 648 3526 boris
680 3463 769 3526 urina
799 3460 898 3537 lacta,
945 3471 1192 3548 praeceperunt,
1241 3468 1275 3524 ut

152 3542 299 3607 obrutum
341 3557 444 3621 terra,
487 3545 649 3632 completis
689 3546 834 3611 maternis
871 3546 1047 3624 mensibus,
1092 3545 1272 3609 solveretur.

152 3626 225 3698 Quo
251 3626 353 3702 lucto,
391 3631 533 3696 inventus
566 3641 614 3694 est
644 3653 737 3717 puer,
774 3632 823 3695 cui
856 3653 971 3695 nomen
1007 3632 1047 3694 ab
1070 3630 1187 3694 urina
1217 3629 1273 3694 itu·

151 3711 287 3796 positum
323 3724 389 3790 est,
438 3727 473 3780 ut
507 3714 635 3779 Orion
669 3715 837 3781 diceretur.
898 3717 961 3789 Qui
999 3727 1110 3802 postea
1146 3727 1274 3780 venator

152 3796 273 3873 lactus,
295 3793 368 3861 dunr
390 3797 479 3864 vellet
503 3822 575 3865 cum
595 3799 699 3864 Diana
721 3801 946 3875 concumbere,
971 3812 1005 3866 ut
1019 3799 1171 3865 Horatius
1190 3799 1273 3877 dicit,

111 3879 219 3966 mejus
241 3881 363 3965 sagittis
386 3884 510 3949 occisus
528 3896 593 3964 est3
615 3896 650 3950 ut
671 3885 837 3963 Lucanus,
858 3885 994 3950 immisso
1015 3886 1139 3949 Terrae
1160 3885 1273 3950 auxilio

152 3963 319 4050 scorpione
345 3967 443 4050 periit.
507 3969 611 4041 Quem
648 3970 795 4055 luppiter
834 3971 865 4035 in
911 3969 1031 4035 caelum
1070 3971 1272 4050 transferens,

152 4049 275 4130 signum
300 4050 452 4116 lurnosum
474 4053 712 4139 tempestatibus
737 4055 818 4121 fecit.
863 4055 1010 4120 Similiter
1031 4066 1062 4121 et
1083 4055 1186 4122 Diana
1211 4056 1273 4118 rin·

152 4133 253 4195 dicem
275 4153 365 4196 suurn
382 4136 414 4199 in
437 4137 555 4201 caelum
578 4137 740 4204 transtulit.
782 4138 848 4206 Sed
871 4141 935 4204 reri
956 4140 1083 4204 similius
1105 4153 1163 4210 est.
1188 4140 1272 4228 quod

151 4241 171 4280 a
191 4216 357 4302 scorpione
377 4219 560 4289 interemtus
585 4246 655 4289 esse
677 4222 809 4302 dicitur,
838 4249 902 4312 quo
924 4225 1044 4291 oriente
1065 4226 1191 4292 occidit.
