<?xml version="1.0" encoding="UTF-8"?>
<!DOCTYPE html PUBLIC "-//W3C//DTD XHTML 1.0 Transitional//EN"
    "http://www.w3.org/TR/xhtml1/DTD/xhtml1-transitional.dtd">
<html xmlns="http://www.w3.org/1999/xhtml" xml:lang="en" lang="en">
 <head>
  <title>
</title>
<meta http-equiv="Content-Type" content="text/html;charset=utf-8" />
  <meta name='ocr-system' content='tesseract 3.04.00' />
  <meta name='ocr-capabilities' content='ocr_page ocr_carea ocr_par ocr_line ocrx_word'/>
</head>
<body>
  <div class='ocr_page' id='page_1' title='image "./scriptoresrerum00bodegoog_0153.png"; bbox 0 0 2640 5130; ppageno 0'>
   <div class='ocr_carea' id='block_1_1' title="bbox 399 330 406 340">
    <p class='ocr_par' dir='ltr' id='par_1_1' title="bbox 399 330 406 340">
     <span class='ocr_line' id='line_1_1' title="bbox 399 330 406 340; baseline 0 0"><span class='ocrx_word' id='word_1_1' title='bbox 399 330 406 340; x_wconf 70' lang='grc' dir='ltr'><em>ι</em></span> 
     </span>
    </p>
   </div>
   <div class='ocr_carea' id='block_1_2' title="bbox 344 528 1195 631">
    <p class='ocr_par' dir='ltr' id='par_1_2' title="bbox 344 528 1195 631">
     <span class='ocr_line' id='line_1_2' title="bbox 344 528 1195 631; baseline -0.002 -26"><span class='ocrx_word' id='word_1_2' title='bbox 344 528 526 631; x_wconf 58' lang='lat' dir='ltr'>srynsgf.</span> <span class='ocrx_word' id='word_1_3' title='bbox 554 532 605 604; x_wconf 88' lang='lat'>11.</span> <span class='ocrx_word' id='word_1_4' title='bbox 662 528 917 607; x_wconf 74' lang='lat' dir='ltr'>rae-rna.</span> <span class='ocrx_word' id='word_1_5' title='bbox 1120 529 1195 608; x_wconf 80' lang='lat' dir='ltr'>ur</span> 
     </span>
    </p>
   </div>
   <div class='ocr_carea' id='block_1_3' title="bbox 66 711 1213 1485">
    <p class='ocr_par' dir='ltr' id='par_1_3' title="bbox 67 711 1194 975">
     <span class='ocr_line' id='line_1_3' title="bbox 68 711 1194 806; baseline -0.003 -21"><span class='ocrx_word' id='word_1_6' title='bbox 68 718 132 785; x_wconf 85' lang='lat' dir='ltr'>iter</span> <span class='ocrx_word' id='word_1_7' title='bbox 157 714 316 804; x_wconf 83' lang='lat' dir='ltr'>explicare</span> <span class='ocrx_word' id='word_1_8' title='bbox 344 736 408 781; x_wconf 92' lang='lat' dir='ltr'>non</span> <span class='ocrx_word' id='word_1_9' title='bbox 433 726 559 804; x_wconf 82' lang='lat' dir='ltr'>posset,</span> <span class='ocrx_word' id='word_1_10' title='bbox 596 711 800 794; x_wconf 76' lang='lat' dir='ltr'>Daedalum,</span> <span class='ocrx_word' id='word_1_11' title='bbox 827 711 1051 787; x_wconf 74' lang='lat' dir='ltr'>isbdeatoren</span> <span class='ocrx_word' id='word_1_12' title='bbox 1077 717 1194 806; x_wconf 82' lang='lat' dir='ltr'>operis,</span> 
     </span>
     <span class='ocr_line' id='line_1_4' title="bbox 69 799 1192 889; baseline -0.001 -20"><span class='ocrx_word' id='word_1_13' title='bbox 69 813 107 869; x_wconf 86' lang='lat' dir='ltr'>nt</span> <span class='ocrx_word' id='word_1_14' title='bbox 132 800 236 889; x_wconf 87' lang='lat' dir='ltr'>aliqna</span> <span class='ocrx_word' id='word_1_15' title='bbox 267 812 337 868; x_wconf 87' lang='lat' dir='ltr'>erte</span> <span class='ocrx_word' id='word_1_16' title='bbox 361 800 492 885; x_wconf 79' lang='lat' dir='ltr'>Theseu</span> <span class='ocrx_word' id='word_1_17' title='bbox 521 800 717 881; x_wconf 83' lang='lat' dir='ltr'>subveniret,</span> <span class='ocrx_word' id='word_1_18' title='bbox 750 800 900 868; x_wconf 78' lang='lat' dir='ltr'>exerevit</span> <span class='ocrx_word' id='word_1_19' title='bbox 915 799 1014 876; x_wconf 52' lang='lat' dir='ltr'>*Qui</span> <span class='ocrx_word' id='word_1_20' title='bbox 1040 822 1113 868; x_wconf 90' lang='lat' dir='ltr'>euru</span> <span class='ocrx_word' id='word_1_21' title='bbox 1144 801 1192 868; x_wconf 85' lang='lat' dir='ltr'>in-</span> 
     </span>
     <span class='ocr_line' id='line_1_5' title="bbox 67 883 1074 975; baseline -0.005 -18"><span class='ocrx_word' id='word_1_22' title='bbox 67 898 204 957; x_wconf 80' lang='lat' dir='ltr'>nantem</span> <span class='ocrx_word' id='word_1_23' title='bbox 231 884 274 951; x_wconf 87' lang='lat' dir='ltr'>lili</span> <span class='ocrx_word' id='word_1_24' title='bbox 302 884 431 973; x_wconf 79' lang='lat' dir='ltr'><strong>globum</strong></span> <span class='ocrx_word' id='word_1_25' title='bbox 461 899 533 974; x_wconf 90' lang='lat' dir='ltr'>post</span> <span class='ocrx_word' id='word_1_26' title='bbox 555 910 591 951; x_wconf 83' lang='lat' dir='ltr'>ne</span> <span class='ocrx_word' id='word_1_27' title='bbox 608 885 703 975; x_wconf 87' lang='lat' dir='ltr'>jussit</span> <span class='ocrx_word' id='word_1_28' title='bbox 722 884 896 965; x_wconf 81' lang='lat' dir='ltr'>resolvere,</span> <span class='ocrx_word' id='word_1_29' title='bbox 926 883 1074 952; x_wconf 89' lang='lat' dir='ltr'>utillum</span> 
     </span>
    </p>

    <p class='ocr_par' dir='ltr' id='par_1_4' title="bbox 66 907 1213 1485">
     <span class='ocr_line' id='line_1_6' title="bbox 66 907 1190 1060; baseline -0.002 -20"><span class='ocrx_word' id='word_1_30' title='bbox 66 973 159 1041; x_wconf 88' lang='lat' dir='ltr'>diens</span> <span class='ocrx_word' id='word_1_31' title='bbox 180 969 370 1057; x_wconf 76' lang='lat' dir='ltr'>relegendo,</span> <span class='ocrx_word' id='word_1_32' title='bbox 391 968 544 1037; x_wconf 88' lang='lat' dir='ltr'>redeundi</span> <span class='ocrx_word' id='word_1_33' title='bbox 563 993 619 1059; x_wconf 88' lang='lat' dir='ltr'>per</span> <span class='ocrx_word' id='word_1_34' title='bbox 641 970 779 1038; x_wconf 79' lang='lat' dir='ltr'>lesiones</span> <span class='ocrx_word' id='word_1_35' title='bbox 799 982 907 1060; x_wconf 83' lang='lat' dir='ltr'>posset</span> <span class='ocrx_word' id='word_1_36' title='bbox 924 907 1190 1059; x_wconf 49' lang='lat' dir='ltr'>superarem</span> 
     </span>
     <span class='ocr_line' id='line_1_7' title="bbox 68 1055 1213 1158; baseline 0.002 -34"><span class='ocrx_word' id='word_1_37' title='bbox 68 1056 259 1158; x_wconf 78' lang='lat' dir='ltr'>adimpleto,</span> <span class='ocrx_word' id='word_1_38' title='bbox 290 1055 571 1156; x_wconf 63' lang='lat' dir='ltr'>&#39;l‘lreseosecniso</span> <span class='ocrx_word' id='word_1_39' title='bbox 644 1067 776 1158; x_wconf 80' lang='lat' dir='ltr'>notanrp</span> <span class='ocrx_word' id='word_1_40' title='bbox 804 1056 903 1123; x_wconf 80' lang='lat' dir='ltr'>victor</span> <span class='ocrx_word' id='word_1_41' title='bbox 925 1055 1116 1158; x_wconf 39' lang='lat' dir='ltr'>‚egreditnr3</span> <span class='ocrx_word' id='word_1_42' title='bbox 1156 1070 1213 1130; x_wconf 79' lang='lat' dir='ltr'>ets</span> 
     </span>
     <span class='ocr_line' id='line_1_8' title="bbox 68 1139 1190 1314; baseline 0.002 -21"><span class='ocrx_word' id='word_1_43' title='bbox 68 1139 1190 1314; x_wconf 56' lang='lat' dir='ltr'>aewestanclausura</span> 
     </span>
     <span class='ocr_line' id='line_1_9' title="bbox 70 1309 1190 1401; baseline 0.001 -20"><span class='ocrx_word' id='word_1_44' title='bbox 70 1326 177 1392; x_wconf 80' lang='lat' dir='ltr'>seret,</span> <span class='ocrx_word' id='word_1_45' title='bbox 201 1310 360 1378; x_wconf 83' lang='lat' dir='ltr'>Vulcanus</span> <span class='ocrx_word' id='word_1_46' title='bbox 380 1311 410 1377; x_wconf 91' lang='lat' dir='ltr'>ei</span> <span class='ocrx_word' id='word_1_47' title='bbox 432 1333 598 1390; x_wconf 78' lang='lat' dir='ltr'>coronans,</span> <span class='ocrx_word' id='word_1_48' title='bbox 620 1311 681 1378; x_wconf 87' lang='lat' dir='ltr'>vll</span> <span class='ocrx_word' id='word_1_49' title='bbox 702 1309 898 1400; x_wconf 74' lang='lat' dir='ltr'>lampadibus</span> <span class='ocrx_word' id='word_1_50' title='bbox 914 1311 1110 1401; x_wconf 76' lang='lat' dir='ltr'>insignitum,</span> <span class='ocrx_word' id='word_1_51' title='bbox 1132 1315 1190 1382; x_wconf 82' lang='lat' dir='ltr'>olr-</span> 
     </span>
     <span class='ocr_line' id='line_1_10' title="bbox 68 1394 1088 1485; baseline 0.001 -19"><span class='ocrx_word' id='word_1_52' title='bbox 68 1397 155 1480; x_wconf 86' lang='lat' dir='ltr'>tolit;</span> <span class='ocrx_word' id='word_1_53' title='bbox 182 1418 278 1485; x_wconf 81' lang='lat' dir='ltr'>qnam</span> <span class='ocrx_word' id='word_1_54' title='bbox 297 1395 347 1461; x_wconf 91' lang='lat' dir='ltr'>ille</span> <span class='ocrx_word' id='word_1_55' title='bbox 367 1406 404 1464; x_wconf 88' lang='lat' dir='ltr'>nt</span> <span class='ocrx_word' id='word_1_56' title='bbox 421 1398 526 1463; x_wconf 83' lang='lat' dir='ltr'>uxoris</span> <span class='ocrx_word' id='word_1_57' title='bbox 545 1397 671 1483; x_wconf 78' lang='lat' dir='ltr'>insigne</span> <span class='ocrx_word' id='word_1_58' title='bbox 690 1396 770 1464; x_wconf 86' lang='lat' dir='ltr'>inter</span> <span class='ocrx_word' id='word_1_59' title='bbox 791 1394 897 1464; x_wconf 85' lang='lat' dir='ltr'>sidera</span> <span class='ocrx_word' id='word_1_60' title='bbox 917 1395 1088 1467; x_wconf 84' lang='lat' dir='ltr'>collocarit</span> 
     </span>
    </p>
   </div>
   <div class='ocr_carea' id='block_1_4' title="bbox 454 1562 1232 1665">
    <p class='ocr_par' dir='ltr' id='par_1_5' title="bbox 454 1562 1232 1665">
     <span class='ocr_line' id='line_1_11' title="bbox 454 1562 1232 1665; baseline -0.001 -26"><span class='ocrx_word' id='word_1_61' title='bbox 454 1563 546 1641; x_wconf 77' lang='lat'>125.</span> <span class='ocrx_word' id='word_1_62' title='bbox 598 1562 814 1665; x_wconf 71' lang='lat' dir='ltr'>Aegeus.</span> <span class='ocrx_word' id='word_1_63' title='bbox 1195 1604 1232 1655; x_wconf 62' lang='grc' dir='ltr'>,ο</span> 
     </span>
    </p>
   </div>
   <div class='ocr_carea' id='block_1_5' title="bbox 71 1690 1234 2887">
    <p class='ocr_par' dir='ltr' id='par_1_6' title="bbox 71 1690 1234 2887">
     <span class='ocr_line' id='line_1_12' title="bbox 153 1690 1190 1782; baseline 0.004 -22"><span class='ocrx_word' id='word_1_64' title='bbox 153 1695 283 1782; x_wconf 78' lang='lat' dir='ltr'>degens</span> <span class='ocrx_word' id='word_1_65' title='bbox 311 1701 417 1759; x_wconf 85' lang='lat' dir='ltr'>entem</span> <span class='ocrx_word' id='word_1_66' title='bbox 441 1690 585 1757; x_wconf 85' lang='lat' dir='ltr'>filiosuo</span> <span class='ocrx_word' id='word_1_67' title='bbox 628 1704 829 1781; x_wconf 84' lang='lat' dir='ltr'>raeceperat,</span> <span class='ocrx_word' id='word_1_68' title='bbox 859 1704 894 1762; x_wconf 88' lang='lat' dir='ltr'>nt</span> <span class='ocrx_word' id='word_1_69' title='bbox 921 1693 947 1762; x_wconf 89' lang='lat' dir='ltr'>si</span> <span class='ocrx_word' id='word_1_70' title='bbox 967 1695 1067 1764; x_wconf 81' lang='lat' dir='ltr'>victor</span> <span class='ocrx_word' id='word_1_71' title='bbox 1085 1718 1190 1764; x_wconf 85' lang='lat' dir='ltr'>rerer·</span> 
     </span>
     <span class='ocr_line' id='line_1_13' title="bbox 71 1713 1189 1878; baseline 0.004 -33"><span class='ocrx_word' id='word_1_72' title='bbox 71 1790 209 1858; x_wconf 86' lang='lat' dir='ltr'>teretur,</span> <span class='ocrx_word' id='word_1_73' title='bbox 242 1777 309 1844; x_wconf 81' lang='lat' dir='ltr'>vela</span> <span class='ocrx_word' id='word_1_74' title='bbox 337 1788 482 1878; x_wconf 63' lang='lat' dir='ltr'>pnuturet.</span> <span class='ocrx_word' id='word_1_75' title='bbox 523 1713 627 1853; x_wconf 82' lang='lat' dir='ltr'>Quod</span> <span class='ocrx_word' id='word_1_76' title='bbox 643 1800 739 1864; x_wconf 84' lang='lat' dir='ltr'>quum</span> <span class='ocrx_word' id='word_1_77' title='bbox 759 1777 810 1843; x_wconf 92' lang='lat' dir='ltr'>ille</span> <span class='ocrx_word' id='word_1_78' title='bbox 829 1779 944 1847; x_wconf 87' lang='lat' dir='ltr'>oblitus</span> <span class='ocrx_word' id='word_1_79' title='bbox 965 1803 1028 1846; x_wconf 88' lang='lat' dir='ltr'>nen</span> <span class='ocrx_word' id='word_1_80' title='bbox 1052 1783 1189 1861; x_wconf 86' lang='lat' dir='ltr'>lecisset,</span> 
     </span>
     <span class='ocr_line' id='line_1_14' title="bbox 72 1859 1191 1953; baseline 0.004 -23"><span class='ocrx_word' id='word_1_81' title='bbox 72 1869 199 1951; x_wconf 76' lang='lat' dir='ltr'>aegeos</span> <span class='ocrx_word' id='word_1_82' title='bbox 213 1863 406 1953; x_wconf 78' lang='lat' dir='ltr'>prospiciens</span> <span class='ocrx_word' id='word_1_83' title='bbox 419 1859 539 1927; x_wconf 86' lang='lat' dir='ltr'>elitore</span> <span class='ocrx_word' id='word_1_84' title='bbox 556 1863 630 1929; x_wconf 87' lang='lat' dir='ltr'>reiis</span> <span class='ocrx_word' id='word_1_85' title='bbox 650 1883 714 1928; x_wconf 93' lang='lat' dir='ltr'>non</span> <span class='ocrx_word' id='word_1_86' title='bbox 734 1864 860 1931; x_wconf 85' lang='lat' dir='ltr'>mutetis</span> <span class='ocrx_word' id='word_1_87' title='bbox 878 1863 1063 1934; x_wconf 88' lang='lat' dir='ltr'>redeuntem</span> <span class='ocrx_word' id='word_1_88' title='bbox 1083 1866 1191 1947; x_wconf 87' lang='lat' dir='ltr'>filium,</span> 
     </span>
     <span class='ocr_line' id='line_1_15' title="bbox 73 1944 1190 2038; baseline 0.003 -23"><span class='ocrx_word' id='word_1_89' title='bbox 73 1952 187 2016; x_wconf 72' lang='lat' dir='ltr'>vianna</span> <span class='ocrx_word' id='word_1_90' title='bbox 207 1948 391 2020; x_wconf 83' lang='lat' dir='ltr'>aestimans,</span> <span class='ocrx_word' id='word_1_91' title='bbox 411 1944 506 2026; x_wconf 86' lang='lat' dir='ltr'>mari,</span> <span class='ocrx_word' id='word_1_92' title='bbox 527 1946 558 2011; x_wconf 89' lang='lat' dir='ltr'>i&#39;n</span> <span class='ocrx_word' id='word_1_93' title='bbox 580 1946 666 2035; x_wconf 86' lang='lat' dir='ltr'>qnod</span> <span class='ocrx_word' id='word_1_94' title='bbox 687 1969 724 2015; x_wconf 92' lang='lat' dir='ltr'>se</span> <span class='ocrx_word' id='word_1_95' title='bbox 764 1948 972 2038; x_wconf 80' lang='lat' dir='ltr'>raecipitarit‚</span> <span class='ocrx_word' id='word_1_96' title='bbox 1001 1972 1115 2016; x_wconf 83' lang='lat' dir='ltr'>nomen</span> <span class='ocrx_word' id='word_1_97' title='bbox 1129 1952 1190 2018; x_wconf 84' lang='lat' dir='ltr'>inn-</span> 
     </span>
     <span class='ocr_line' id='line_1_16' title="bbox 73 1969 1232 2122; baseline 0.007 -23"><span class='ocrx_word' id='word_1_98' title='bbox 73 2035 186 2122; x_wconf 82' lang='lat' dir='ltr'>posnit</span> <span class='ocrx_word' id='word_1_99' title='bbox 236 2033 384 2099; x_wconf 75' lang='lat' dir='ltr'>Theseus</span> <span class='ocrx_word' id='word_1_100' title='bbox 418 2052 493 2096; x_wconf 87' lang='lat' dir='ltr'>rere</span> <span class='ocrx_word' id='word_1_101' title='bbox 522 2031 596 2097; x_wconf 91' lang='lat' dir='ltr'>odio</span> <span class='ocrx_word' id='word_1_102' title='bbox 624 2031 684 2099; x_wconf 87' lang='lat' dir='ltr'>loci</span> <span class='ocrx_word' id='word_1_103' title='bbox 711 1969 785 2098; x_wconf 76' lang='lat' dir='ltr'>isle</span> <span class='ocrx_word' id='word_1_104' title='bbox 806 2035 974 2120; x_wconf 79' lang='lat' dir='ltr'>navigem,</span> <span class='ocrx_word' id='word_1_105' title='bbox 1010 2035 1051 2103; x_wconf 89' lang='lat' dir='ltr'>nd</span> <span class='ocrx_word' id='word_1_106' title='bbox 1069 2035 1232 2107; x_wconf 65' lang='lat' dir='ltr'>Italiamne</span> 
     </span>
     <span class='ocr_line' id='line_1_17' title="bbox 74 2114 1193 2207; baseline 0.004 -24"><span class='ocrx_word' id='word_1_107' title='bbox 74 2121 171 2193; x_wconf 80' lang='lat' dir='ltr'>venit,</span> <span class='ocrx_word' id='word_1_108' title='bbox 203 2129 236 2186; x_wconf 90' lang='lat' dir='ltr'>et</span> <span class='ocrx_word' id='word_1_109' title='bbox 263 2114 475 2183; x_wconf 87' lang='lat' dir='ltr'>Brundusium</span> <span class='ocrx_word' id='word_1_110' title='bbox 507 2116 654 2185; x_wconf 78' lang='lat' dir='ltr'>condidit.</span> <span class='ocrx_word' id='word_1_111' title='bbox 697 2118 791 2191; x_wconf 88' lang='lat' dir='ltr'>Quae</span> <span class='ocrx_word' id='word_1_112' title='bbox 816 2141 912 2207; x_wconf 86' lang='lat' dir='ltr'>quum</span> <span class='ocrx_word' id='word_1_113' title='bbox 936 2122 1040 2186; x_wconf 90' lang='lat' dir='ltr'>ornnia</span> <span class='ocrx_word' id='word_1_114' title='bbox 1056 2119 1193 2188; x_wconf 83' lang='lat' dir='ltr'>sectione</span> 
     </span>
     <span class='ocr_line' id='line_1_18' title="bbox 74 2200 1194 2280; baseline -0.001 -8"><span class='ocrx_word' id='word_1_115' title='bbox 74 2203 208 2273; x_wconf 80' lang='lat' dir='ltr'>Daedali</span> <span class='ocrx_word' id='word_1_116' title='bbox 236 2203 339 2269; x_wconf 87' lang='lat' dir='ltr'>Minos</span> <span class='ocrx_word' id='word_1_117' title='bbox 370 2201 392 2266; x_wconf 93' lang='lat' dir='ltr'>d</span> <span class='ocrx_word' id='word_1_118' title='bbox 434 2200 625 2268; x_wconf 85' lang='lat' dir='ltr'>rehenderet</span> <span class='ocrx_word' id='word_1_119' title='bbox 653 2204 782 2280; x_wconf 79' lang='lat' dir='ltr'>effecta,</span> <span class='ocrx_word' id='word_1_120' title='bbox 817 2226 889 2270; x_wconf 88' lang='lat' dir='ltr'>enm</span> <span class='ocrx_word' id='word_1_121' title='bbox 917 2226 989 2272; x_wconf 83' lang='lat' dir='ltr'>cunr</span> <span class='ocrx_word' id='word_1_122' title='bbox 1013 2206 1105 2272; x_wconf 86' lang='lat' dir='ltr'>Icaro</span> <span class='ocrx_word' id='word_1_123' title='bbox 1126 2229 1194 2272; x_wconf 87' lang='lat' dir='ltr'>ser-</span> 
     </span>
     <span class='ocr_line' id='line_1_19' title="bbox 75 2286 1194 2394; baseline 0.001 -39"><span class='ocrx_word' id='word_1_124' title='bbox 75 2289 210 2357; x_wconf 85' lang='lat' dir='ltr'>randum</span> <span class='ocrx_word' id='word_1_125' title='bbox 229 2289 260 2353; x_wconf 91' lang='lat' dir='ltr'>in</span> <span class='ocrx_word' id='word_1_126' title='bbox 278 2286 411 2377; x_wconf 86' lang='lat' dir='ltr'>labyrint</span> <span class='ocrx_word' id='word_1_127' title='bbox 434 2309 485 2352; x_wconf 88' lang='lat' dir='ltr'>um</span> <span class='ocrx_word' id='word_1_128' title='bbox 506 2288 607 2356; x_wconf 80' lang='lat' dir='ltr'>trusit.</span> <span class='ocrx_word' id='word_1_129' title='bbox 650 2287 716 2354; x_wconf 84' lang='lat' dir='ltr'>Sed</span> <span class='ocrx_word' id='word_1_130' title='bbox 731 2286 899 2370; x_wconf 86' lang='lat' dir='ltr'>Daedalus,</span> <span class='ocrx_word' id='word_1_131' title='bbox 920 2291 1075 2394; x_wconf 78' lang='lat' dir='ltr'>corruptis</span> <span class='ocrx_word' id='word_1_132' title='bbox 1088 2304 1194 2358; x_wconf 85' lang='lat' dir='ltr'>custo·</span> 
     </span>
     <span class='ocr_line' id='line_1_20' title="bbox 77 2370 1192 2522; baseline -0.001 -80"><span class='ocrx_word' id='word_1_133' title='bbox 77 2375 186 2453; x_wconf 84' lang='lat' dir='ltr'>dibus,</span> <span class='ocrx_word' id='word_1_134' title='bbox 223 2374 283 2440; x_wconf 87' lang='lat' dir='ltr'>sub</span> <span class='ocrx_word' id='word_1_135' title='bbox 312 2370 470 2475; x_wconf 63' lang='lat' dir='ltr'>faciendi,</span> <span class='ocrx_word' id='word_1_136' title='bbox 502 2394 565 2458; x_wconf 81' lang='lat' dir='ltr'>quo</span> <span class='ocrx_word' id='word_1_137' title='bbox 596 2394 653 2440; x_wconf 83' lang='lat' dir='ltr'>rex</span> <span class='ocrx_word' id='word_1_138' title='bbox 668 2371 874 2522; x_wconf 65' lang='lat' dir='ltr'>placeretur,</span> <span class='ocrx_word' id='word_1_139' title='bbox 896 2397 1048 2479; x_wconf 37' lang='lat' dir='ltr'>‘muneris&#39;</span> <span class='ocrx_word' id='word_1_140' title='bbox 1076 2377 1192 2480; x_wconf 68' lang='lat' dir='ltr'>speoip,</span> 
     </span>
     <span class='ocr_line' id='line_1_21' title="bbox 76 2456 1234 2650; baseline 0.002 -38"><span class='ocrx_word' id='word_1_141' title='bbox 76 2470 368 2649; x_wconf 64' lang='lat' dir='ltr'>serrat</span> <span class='ocrx_word' id='word_1_142' title='bbox 394 2456 1018 2646; x_wconf 54' lang='lat' dir='ltr'>,liureiopleuritis</span> <span class='ocrx_word' id='word_1_143' title='bbox 1038 2476 1234 2650; x_wconf 62' lang='lat' dir='ltr'>auteur</span> 
     </span>
     <span class='ocr_line' id='line_1_22' title="bbox 77 2625 1194 2808; baseline 0 -25"><span class='ocrx_word' id='word_1_144' title='bbox 77 2625 792 2800; x_wconf 42' lang='lat' dir='ltr'>resilit?{ttilsiill&#39;tr&#39;tllli</span> <span class='ocrx_word' id='word_1_145' title='bbox 808 2626 1194 2808; x_wconf 52' lang='lat' dir='ltr'>altillttlttttt</span> 
     </span>
     <span class='ocr_line' id='line_1_23' title="bbox 79 2795 859 2887; baseline -0.001 -19"><span class='ocrx_word' id='word_1_146' title='bbox 79 2799 222 2883; x_wconf 82' lang='lat' dir='ltr'>condito,</span> <span class='ocrx_word' id='word_1_147' title='bbox 250 2798 283 2866; x_wconf 90' lang='lat' dir='ltr'>in</span> <span class='ocrx_word' id='word_1_148' title='bbox 303 2797 423 2866; x_wconf 84' lang='lat' dir='ltr'>loribus</span> <span class='ocrx_word' id='word_1_149' title='bbox 444 2797 525 2862; x_wconf 86' lang='lat' dir='ltr'>haee</span> <span class='ocrx_word' id='word_1_150' title='bbox 547 2798 688 2864; x_wconf 77' lang='lat' dir='ltr'>universa</span> <span class='ocrx_word' id='word_1_151' title='bbox 710 2795 859 2887; x_wconf 80' lang='lat' dir='ltr'>depinxit.</span> 
     </span>
    </p>
   </div>
   <div class='ocr_carea' id='block_1_6' title="bbox 328 2960 1236 3043">
    <p class='ocr_par' dir='ltr' id='par_1_7' title="bbox 328 2960 1236 3043">
     <span class='ocr_line' id='line_1_24' title="bbox 328 2960 1236 3043; baseline 0.01 -9"><span class='ocrx_word' id='word_1_152' title='bbox 328 2979 335 2995; x_wconf 83' lang='grc'>’·</span> <span class='ocrx_word' id='word_1_153' title='bbox 445 2960 538 3037; x_wconf 87' lang='grc'><strong>126.</strong></span> <span class='ocrx_word' id='word_1_154' title='bbox 590 2966 812 3041; x_wconf 83' lang='lat' dir='ltr'>Taurus.</span> <span class='ocrx_word' id='word_1_155' title='bbox 1200 2993 1236 3043; x_wconf 78' lang='lat' dir='ltr'>us</span> 
     </span>
    </p>
   </div>
   <div class='ocr_carea' id='block_1_7' title="bbox 77 3089 1238 3608">
    <p class='ocr_par' dir='ltr' id='par_1_8' title="bbox 157 3089 1196 3168">
     <span class='ocr_line' id='line_1_25' title="bbox 157 3089 1196 3168; baseline -0.002 -6"><span class='ocrx_word' id='word_1_156' title='bbox 157 3092 285 3168; x_wconf 82' lang='lat' dir='ltr'>Veritas</span> <span class='ocrx_word' id='word_1_157' title='bbox 318 3101 424 3160; x_wconf 84' lang='lat' dir='ltr'>eutem</span> <span class='ocrx_word' id='word_1_158' title='bbox 456 3092 503 3157; x_wconf 89' lang='lat' dir='ltr'>sio</span> <span class='ocrx_word' id='word_1_159' title='bbox 532 3114 569 3157; x_wconf 88' lang='lat' dir='ltr'>se</span> <span class='ocrx_word' id='word_1_160' title='bbox 598 3089 703 3160; x_wconf 81' lang='lat' dir='ltr'>habet.</span> <span class='ocrx_word' id='word_1_161' title='bbox 752 3093 881 3163; x_wconf 82' lang='lat' dir='ltr'>&#39;I&#39;ourus</span> <span class='ocrx_word' id='word_1_162' title='bbox 915 3093 1055 3162; x_wconf 88' lang='lat' dir='ltr'>notarius</span> <span class='ocrx_word' id='word_1_163' title='bbox 1082 3093 1196 3162; x_wconf 81' lang='lat' dir='ltr'>Minois</span> 
     </span>
    </p>

    <p class='ocr_par' dir='ltr' id='par_1_9' title="bbox 138 3175 1197 3265">
     <span class='ocr_line' id='line_1_26' title="bbox 138 3175 1197 3265; baseline 0 -21"><span class='ocrx_word' id='word_1_164' title='bbox 138 3180 148 3200; x_wconf 79' lang='lat'>‘</span> <span class='ocrx_word' id='word_1_165' title='bbox 187 3179 264 3258; x_wconf 83' lang='lat' dir='ltr'>tuit,</span> <span class='ocrx_word' id='word_1_166' title='bbox 308 3199 379 3243; x_wconf 86' lang='lat' dir='ltr'>nero</span> <span class='ocrx_word' id='word_1_167' title='bbox 400 3175 559 3265; x_wconf 70' lang='lat' dir='ltr'>Pasiphae</span> <span class='ocrx_word' id='word_1_168' title='bbox 581 3177 711 3259; x_wconf 82' lang='lat' dir='ltr'>amavit,</span> <span class='ocrx_word' id='word_1_169' title='bbox 731 3189 765 3245; x_wconf 88' lang='lat' dir='ltr'>et</span> <span class='ocrx_word' id='word_1_170' title='bbox 785 3200 857 3244; x_wconf 84' lang='lat' dir='ltr'>curn</span> <span class='ocrx_word' id='word_1_171' title='bbox 875 3176 926 3244; x_wconf 90' lang='lat' dir='ltr'>illo</span> <span class='ocrx_word' id='word_1_172' title='bbox 947 3180 979 3244; x_wconf 87' lang='lat' dir='ltr'>in</span> <span class='ocrx_word' id='word_1_173' title='bbox 999 3178 1094 3246; x_wconf 88' lang='lat' dir='ltr'>dome</span> <span class='ocrx_word' id='word_1_174' title='bbox 1110 3179 1197 3245; x_wconf 85' lang='lat' dir='ltr'>Dae-</span> 
     </span>
    </p>

    <p class='ocr_par' dir='ltr' id='par_1_10' title="bbox 77 3202 1238 3608">
     <span class='ocr_line' id='line_1_27' title="bbox 158 3202 1197 3350; baseline -0.002 -18"><span class='ocrx_word' id='word_1_175' title='bbox 158 3202 368 3332; x_wconf 75' lang='lat' dir='ltr'>rennaluiu</span> <span class='ocrx_word' id='word_1_176' title='bbox 408 3260 453 3330; x_wconf 80' lang='lat' dir='ltr'>Et</span> <span class='ocrx_word' id='word_1_177' title='bbox 471 3261 544 3349; x_wconf 91' lang='lat' dir='ltr'>qnia</span> <span class='ocrx_word' id='word_1_178' title='bbox 564 3263 708 3349; x_wconf 77' lang='lat' dir='ltr'>geminos</span> <span class='ocrx_word' id='word_1_179' title='bbox 731 3264 871 3350; x_wconf 81' lang='lat' dir='ltr'>peperit,</span> <span class='ocrx_word' id='word_1_180' title='bbox 898 3284 995 3329; x_wconf 87' lang='lat' dir='ltr'>unum</span> <span class='ocrx_word' id='word_1_181' title='bbox 1017 3261 1059 3329; x_wconf 93' lang='lat' dir='ltr'>de</span> <span class='ocrx_word' id='word_1_182' title='bbox 1079 3265 1197 3344; x_wconf 78' lang='lat' dir='ltr'>Minori,</span> 
     </span>
     <span class='ocr_line' id='line_1_28' title="bbox 79 3346 1195 3426; baseline -0.003 -9"><span class='ocrx_word' id='word_1_183' title='bbox 79 3362 112 3421; x_wconf 86' lang='lat' dir='ltr'>et</span> <span class='ocrx_word' id='word_1_184' title='bbox 131 3371 229 3418; x_wconf 83' lang='lat' dir='ltr'>unum</span> <span class='ocrx_word' id='word_1_185' title='bbox 246 3346 288 3415; x_wconf 90' lang='lat' dir='ltr'>de</span> <span class='ocrx_word' id='word_1_186' title='bbox 306 3347 438 3426; x_wconf 76' lang='lat' dir='ltr'>Tauro,</span> <span class='ocrx_word' id='word_1_187' title='bbox 471 3347 563 3415; x_wconf 83' lang='lat' dir='ltr'>enixu</span> <span class='ocrx_word' id='word_1_188' title='bbox 591 3369 662 3415; x_wconf 85' lang='lat' dir='ltr'>esse</span> <span class='ocrx_word' id='word_1_189' title='bbox 687 3348 901 3415; x_wconf 82' lang='lat' dir='ltr'>Minotaurum</span> <span class='ocrx_word' id='word_1_190' title='bbox 926 3347 1049 3415; x_wconf 88' lang='lat' dir='ltr'>dicitur.</span> <span class='ocrx_word' id='word_1_191' title='bbox 1091 3348 1195 3423; x_wconf 82' lang='lat' dir='ltr'>Quam</span> 
     </span>
     <span class='ocr_line' id='line_1_29' title="bbox 77 3429 1238 3538; baseline -0.003 -35"><span class='ocrx_word' id='word_1_192' title='bbox 77 3437 120 3503; x_wconf 79' lang='lat' dir='ltr'>nb</span> <span class='ocrx_word' id='word_1_193' title='bbox 140 3434 265 3538; x_wconf 85' lang='lat' dir='ltr'>culpam</span> <span class='ocrx_word' id='word_1_194' title='bbox 285 3431 436 3515; x_wconf 81' lang='lat' dir='ltr'>inclusum</span> <span class='ocrx_word' id='word_1_195' title='bbox 456 3429 634 3501; x_wconf 75' lang='lat' dir='ltr'>Daedalum</span> <span class='ocrx_word' id='word_1_196' title='bbox 661 3434 791 3520; x_wconf 78' lang='lat' dir='ltr'>regine,</span> <span class='ocrx_word' id='word_1_197' title='bbox 820 3433 978 3520; x_wconf 80' lang='lat' dir='ltr'>corruptis</span> <span class='ocrx_word' id='word_1_198' title='bbox 1000 3433 1238 3516; x_wconf 57' lang='lat' dir='ltr'>custodibus„</span> 
     </span>
     <span class='ocr_line' id='line_1_30' title="bbox 78 3517 1197 3608; baseline -0.005 -15"><span class='ocrx_word' id='word_1_199' title='bbox 78 3520 244 3602; x_wconf 62' lang='lat' dir='ltr'>mist,</span> <span class='ocrx_word' id='word_1_200' title='bbox 268 3517 340 3608; x_wconf 82' lang='lat' dir='ltr'>qni,</span> <span class='ocrx_word' id='word_1_201' title='bbox 366 3517 482 3586; x_wconf 84' lang='lat' dir='ltr'>emisso</span> <span class='ocrx_word' id='word_1_202' title='bbox 501 3519 534 3585; x_wconf 92' lang='lat' dir='ltr'>in</span> <span class='ocrx_word' id='word_1_203' title='bbox 553 3517 633 3585; x_wconf 87' lang='lat' dir='ltr'>meri</span> <span class='ocrx_word' id='word_1_204' title='bbox 653 3519 735 3601; x_wconf 88' lang='lat' dir='ltr'>lilio,</span> <span class='ocrx_word' id='word_1_205' title='bbox 758 3519 831 3589; x_wconf 81' lang='lat' dir='ltr'>navi</span> <span class='ocrx_word' id='word_1_206' title='bbox 851 3517 975 3591; x_wconf 81' lang='lat' dir='ltr'>delatus</span> <span class='ocrx_word' id='word_1_207' title='bbox 996 3531 1047 3588; x_wconf 88' lang='lat' dir='ltr'>est</span> <span class='ocrx_word' id='word_1_208' title='bbox 1065 3520 1197 3591; x_wconf 75' lang='lat' dir='ltr'>canu.</span> 
     </span>
    </p>
   </div>
   <div class='ocr_carea' id='block_1_8' title="bbox 452 3682 835 3792">
    <p class='ocr_par' dir='ltr' id='par_1_11' title="bbox 452 3682 835 3792">
     <span class='ocr_line' id='line_1_31' title="bbox 452 3682 835 3792; baseline 0.008 -31"><span class='ocrx_word' id='word_1_209' title='bbox 452 3682 545 3761; x_wconf 80' lang='grc'><strong>127.</strong></span> <span class='ocrx_word' id='word_1_210' title='bbox 598 3687 835 3792; x_wconf 57' lang='lat' dir='ltr'>Scyron)</span> 
     </span>
    </p>
   </div>
   <div class='ocr_carea' id='block_1_9' title="bbox 158 3810 1196 3976">
    <p class='ocr_par' dir='ltr' id='par_1_12' title="bbox 158 3810 1196 3976">
     <span class='ocr_line' id='line_1_32' title="bbox 158 3810 1196 3976; baseline -0.007 -91"><span class='ocrx_word' id='word_1_211' title='bbox 158 3818 286 3908; x_wconf 74' lang='lat' dir='ltr'>teyroa</span> <span class='ocrx_word' id='word_1_212' title='bbox 315 3815 456 3905; x_wconf 83' lang='lat' dir='ltr'>hospites</span> <span class='ocrx_word' id='word_1_213' title='bbox 486 3836 561 3881; x_wconf 92' lang='lat' dir='ltr'>snos</span> <span class='ocrx_word' id='word_1_214' title='bbox 589 3828 785 3883; x_wconf 86' lang='lat' dir='ltr'>transeuntes</span> <span class='ocrx_word' id='word_1_215' title='bbox 818 3837 896 3883; x_wconf 80' lang='lat' dir='ltr'>seno</span> <span class='ocrx_word' id='word_1_216' title='bbox 924 3812 1068 3882; x_wconf 83' lang='lat' dir='ltr'>residens</span> <span class='ocrx_word' id='word_1_217' title='bbox 1092 3810 1196 3976; x_wconf 58' lang='lat' dir='ltr'>pedes</span> 
     </span>
    </p>
   </div>
   <div class='ocr_carea' id='block_1_10' title="bbox 78 3901 1239 4078">
    <p class='ocr_par' dir='ltr' id='par_1_13' title="bbox 78 3901 1239 4078">
     <span class='ocr_line' id='line_1_33' title="bbox 78 3901 1195 3992; baseline -0.008 -21"><span class='ocrx_word' id='word_1_218' title='bbox 78 3901 134 3971; x_wconf 82' lang='lat' dir='ltr'>sibi</span> <span class='ocrx_word' id='word_1_219' title='bbox 153 3902 313 3970; x_wconf 82' lang='lat' dir='ltr'>lerereeo</span> <span class='ocrx_word' id='word_1_220' title='bbox 339 3903 422 3979; x_wconf 86' lang='lat' dir='ltr'>ebat,</span> <span class='ocrx_word' id='word_1_221' title='bbox 444 3922 564 3985; x_wconf 86' lang='lat' dir='ltr'>eosque</span> <span class='ocrx_word' id='word_1_222' title='bbox 583 3923 623 3966; x_wconf 80' lang='lat' dir='ltr'>on</span> <span class='ocrx_word' id='word_1_223' title='bbox 643 3901 811 3989; x_wconf 78' lang='lat' dir='ltr'>improviso</span> <span class='ocrx_word' id='word_1_224' title='bbox 826 3901 1064 3992; x_wconf 85' lang='lat' dir='ltr'>praecipitabat.</span> <span class='ocrx_word' id='word_1_225' title='bbox 1126 3920 1195 3965; x_wconf 88' lang='lat' dir='ltr'>nem</span> 
     </span>
     <span class='ocr_line' id='line_1_34' title="bbox 78 3985 1239 4078; baseline -0.005 -20"><span class='ocrx_word' id='word_1_226' title='bbox 78 3999 184 4058; x_wconf 79' lang='lat' dir='ltr'>tannen</span> <span class='ocrx_word' id='word_1_227' title='bbox 201 3987 255 4056; x_wconf 83' lang='lat' dir='ltr'>Da</span> <span class='ocrx_word' id='word_1_228' title='bbox 384 3985 580 4078; x_wconf 79' lang='lat' dir='ltr'>percussisse</span> <span class='ocrx_word' id='word_1_229' title='bbox 601 3985 727 4054; x_wconf 81' lang='lat' dir='ltr'>dieitur.</span> <span class='ocrx_word' id='word_1_230' title='bbox 1202 4000 1239 4052; x_wconf 80' lang='lat' dir='ltr'>oo</span> 
     </span>
    </p>
   </div>
   <div class='ocr_carea' id='block_1_11' title="bbox 444 4150 837 4231">
    <p class='ocr_par' dir='ltr' id='par_1_14' title="bbox 444 4150 837 4231">
     <span class='ocr_line' id='line_1_35' title="bbox 444 4150 837 4231; baseline 0 -2"><span class='ocrx_word' id='word_1_231' title='bbox 444 4150 538 4229; x_wconf 83' lang='grc'><strong>128.</strong></span> <span class='ocrx_word' id='word_1_232' title='bbox 589 4153 837 4231; x_wconf 69' lang='lat' dir='ltr'>Theseus.</span> 
     </span>
    </p>
   </div>
   <div class='ocr_carea' id='block_1_12' title="bbox 77 4274 1242 4626">
    <p class='ocr_par' dir='ltr' id='par_1_15' title="bbox 77 4274 1242 4626">
     <span class='ocr_line' id='line_1_36' title="bbox 162 4274 1199 4369; baseline -0.008 -18"><span class='ocrx_word' id='word_1_233' title='bbox 162 4280 328 4360; x_wconf 76' lang='lat' dir='ltr'>Theseus,</span> <span class='ocrx_word' id='word_1_234' title='bbox 358 4278 461 4368; x_wconf 77' lang='lat' dir='ltr'>Aegei</span> <span class='ocrx_word' id='word_1_235' title='bbox 494 4291 527 4349; x_wconf 84' lang='lat' dir='ltr'>et</span> <span class='ocrx_word' id='word_1_236' title='bbox 556 4280 694 4348; x_wconf 76' lang='lat' dir='ltr'>Aethrae</span> <span class='ocrx_word' id='word_1_237' title='bbox 722 4282 822 4364; x_wconf 88' lang='lat' dir='ltr'>lilius,</span> <span class='ocrx_word' id='word_1_238' title='bbox 860 4293 985 4349; x_wconf 85' lang='lat' dir='ltr'>mortun</span> <span class='ocrx_word' id='word_1_239' title='bbox 1015 4274 1199 4369; x_wconf 82' lang='lat' dir='ltr'>Hippolyte,</span> 
     </span>
     <span class='ocr_line' id='line_1_37' title="bbox 77 4363 1200 4456; baseline -0.005 -21"><span class='ocrx_word' id='word_1_240' title='bbox 77 4367 281 4449; x_wconf 70' lang='lat' dir='ltr'>Phaedram,</span> <span class='ocrx_word' id='word_1_241' title='bbox 302 4363 414 4449; x_wconf 82' lang='lat' dir='ltr'>Minois</span> <span class='ocrx_word' id='word_1_242' title='bbox 436 4378 470 4436; x_wconf 81' lang='lat' dir='ltr'>et</span> <span class='ocrx_word' id='word_1_243' title='bbox 488 4364 662 4455; x_wconf 73' lang='lat' dir='ltr'>Pesiplnsda</span> <span class='ocrx_word' id='word_1_244' title='bbox 683 4366 794 4446; x_wconf 85' lang='lat' dir='ltr'>filiam,</span> <span class='ocrx_word' id='word_1_245' title='bbox 814 4365 1000 4456; x_wconf 85' lang='lat' dir='ltr'>superduxit</span> <span class='ocrx_word' id='word_1_246' title='bbox 1015 4364 1200 4456; x_wconf 77' lang='lat' dir='ltr'>Hippolyto.</span> 
     </span>
     <span class='ocr_line' id='line_1_38' title="bbox 78 4448 1200 4541; baseline -0.006 -21"><span class='ocrx_word' id='word_1_247' title='bbox 78 4452 146 4529; x_wconf 77' lang='lat' dir='ltr'>unt</span> <span class='ocrx_word' id='word_1_248' title='bbox 171 4474 269 4541; x_wconf 80' lang='lat' dir='ltr'>quern</span> <span class='ocrx_word' id='word_1_249' title='bbox 296 4448 339 4516; x_wconf 89' lang='lat' dir='ltr'>de</span> <span class='ocrx_word' id='word_1_250' title='bbox 364 4464 474 4539; x_wconf 88' lang='lat' dir='ltr'>stnpro</span> <span class='ocrx_word' id='word_1_251' title='bbox 501 4451 583 4518; x_wconf 83' lang='lat' dir='ltr'>illem</span> <span class='ocrx_word' id='word_1_252' title='bbox 610 4451 858 4540; x_wconf 81' lang='lat' dir='ltr'>interpellantem</span> <span class='ocrx_word' id='word_1_253' title='bbox 888 4451 1125 4527; x_wconf 66' lang='lat' dir='ltr'>oonwmsinset,</span> <span class='ocrx_word' id='word_1_254' title='bbox 1158 4450 1200 4515; x_wconf 85' lang='lat' dir='ltr'>nb</span> 
     </span>
     <span class='ocr_line' id='line_1_39' title="bbox 80 4534 1242 4626; baseline -0.001 -21"><span class='ocrx_word' id='word_1_255' title='bbox 80 4537 135 4619; x_wconf 80' lang='lat' dir='ltr'>ille</span> <span class='ocrx_word' id='word_1_256' title='bbox 162 4537 242 4607; x_wconf 78' lang='lat' dir='ltr'>lelso</span> <span class='ocrx_word' id='word_1_257' title='bbox 271 4551 439 4609; x_wconf 72' lang='lat' dir='ltr'>eremus</span> <span class='ocrx_word' id='word_1_258' title='bbox 467 4549 517 4605; x_wconf 85' lang='lat' dir='ltr'>est</span> <span class='ocrx_word' id='word_1_259' title='bbox 538 4534 624 4626; x_wconf 88' lang='lat' dir='ltr'>opud</span> <span class='ocrx_word' id='word_1_260' title='bbox 644 4555 785 4625; x_wconf 80' lang='lat' dir='ltr'>patrem,</span> <span class='ocrx_word' id='word_1_261' title='bbox 818 4536 905 4626; x_wconf 88' lang='lat' dir='ltr'>qnod</span> <span class='ocrx_word' id='word_1_262' title='bbox 924 4538 983 4604; x_wconf 82' lang='lat' dir='ltr'>sim</span> <span class='ocrx_word' id='word_1_263' title='bbox 1005 4535 1035 4600; x_wconf 89' lang='lat' dir='ltr'>ei</span> <span class='ocrx_word' id='word_1_264' title='bbox 1056 4534 1242 4604; x_wconf 79' lang='lat' dir='ltr'>volnissetto</span> 
     </span>
    </p>
   </div>
   <div class='ocr_carea' id='block_1_13' title="bbox 0 0 1337 5130">
    <p class='ocr_par' dir='ltr' id='par_1_16' title="bbox 0 0 1337 5130">
     <span class='ocr_line' id='line_1_40' title="bbox 0 0 1337 5130; baseline 0 0"><span class='ocrx_word' id='word_1_265' title='bbox 0 0 1337 5130; x_wconf 95' lang='lat' dir='ltr'> </span> 
     </span>
    </p>
   </div>
  </div>
 </body>
</html>
