2640 5130
287 1463 358 1544 ΒΕ
384 1461 620 1558 ANTIQUI)
646 1456 972 1540 Guouudeno

154 1643 233 1717 uun
263 1642 349 1711 son
374 1643 669 1713 consummo
696 1642 794 1711 nnn
808 1642 1028 1716 sennenn.
1056 1642 1100 1730 ι).

463 1869 808 1900 ω*-

166 2119 306 2210 oavense
335 2155 389 2212 1³1³.
424 2156 650 2211 benedictinorum
676 2156 744 2211 baud
770 2157 860 2228 procul
882 2157 948 2210 urbe
971 2155 1079 2209 Salano
1101 2165 1192 2206 anona-

66 2226 174 2278 sterium
192 2224 231 2276 rir
248 2226 280 2277 cl.
299 2224 355 2278 iob.
374 2226 553 2295 mabillonius,
571 2229 686 2283 eiusdem
703 2229 800 2283 ordinis
817 2227 969 2292 monscbus,
992 2227 1020 2279 iu
1035 2237 1083 2280 suo
1099 2224 1192 2278 itinere

67 2297 356 2364 itabcop.116-llil
383 2298 496 2352 breviter
511 2301 613 2368 quitiam
637 2300 751 2354 sednon
775 2299 911 2354 iuiueuude
934 2291 1080 2366 descripsit.
1122 2294 1192 2347 Exin
1220 2317 1224 2328 ·

66 2375 155 2421 aetate
174 2373 262 2419 nostra
278 2367 371 2430 doctus
388 2371 453 2423 alius
471 2371 511 2423 vir
527 2373 611 2438 gallus
633 2377 804 2438 cognomento
827 2371 951 2428 Itosanns
973 2366 1120 2421 monasterii
1135 2366 1192 2419 eius

58 2437 248 2503 ‚orbitodnecam
279 2441 417 2508 prolixiore
446 2443 628 2496 commentario
659 2444 802 2498 illustravit.
846 2441 906 2508 Ego
936 2455 1002 2494 auno
1027 2438 1066 2493 bi.
1089 2436 1190 2490 ⁰000.

66 2511 156 2565 xxvi
182 2507 216 2562 ad
233 2507 300 2563 huuc
317 2512 402 2564 iocum
418 2513 543 2580 insignem
557 2513 625 2566 iorte
641 2529 801 2582 progressus.
817 2519 844 2566 et
860 2512 1040 2567 humanitatem
1051 2511 1192 2564 incolarum

67 2579 250 2636 monachorum
282 2589 405 2650 expertus
428 2585 577 2653 plurimam,
603 2585 689 2652 ibique
712 2586 783 2638 brevi
807 2583 861 2638 diei
882 2590 955 2654 parte
978 2587 1107 2647 moratus,
1129 2578 1192 2634 nibil

65 2653 136 2706 aliud
153 2653 235 2704 same
251 2652 364 2706 videram
381 2670 457 2720 quarn
474 2656 613 2724 diplomata
629 2657 739 2724 aliquot,
765 2663 792 2709 et
814 2656 997 2709 nobilissimum
1019 2659 1098 2720 atque
1122 2651 1193 2705 auti-

65 2725 217 2792 qulssimuur
232 2724 365 2776 latinorum
383 2725 518 2779 bibliorum
536 2726 667 2792 codicem,
693 2729 766 2780 cuius
789 2727 882 2780 deiude
898 2723 1087 2795 apographum,
1114 2723 1192 2776 obse-

66 2796 120 2863 quii
139 2795 222 2861 graue
239 2811 302 2861 erga
318 2796 468 2849 Pontificem
486 2797 624 2850 maximum
650 2797 766 2851 Leonem
789 2798 856 2863 XII,
883 2799 927 2864 qui
950 2812 992 2849 me
1016 2795 1139 2847 madente
1163 2793 1191 2846 Id

67 2866 984 3005 iltuitstillicidii?,lllii‘iuilliullluhi
1000 2863 1192 2998 bilibit

65 3007 118 3060 Est
135 3014 222 3059 autem
240 3009 365 3075 praeclari
382 3025 478 3076 apogra
498 3008 523 3061 iri
546 3016 637 3063 auctor
661 3010 884 3063 reverendissimus
901 3010 1017 3063 domiuus
1032 3008 1066 3061 P.
1100 3006 1191 3072 Egna-

67 3081 119 3131 tius
137 3078 263 3143 Itubeus,
286 3079 409 3131 Curensis
435 3096 464 3131 ar
496 3081 513 3131 ii
539 3095 642 3148 praeses
666 3089 693 3133 et
716 3083 871 3150 apostolicus
888 3079 1091 3149 protonotarius,
1117 3077 1190 3129 cuius

65 3150 197 3213 laborem,
225 3149 399 3214 sedulitatem,
420 3151 564 3204 diuturnam
590 3151 752 3219 patientiam,
776 3153 943 3221 peritIamcpue
968 3163 1091 3204 summam
1108 3146 1190 3200 admi·

67 3222 120 3274 rari
137 3235 213 3272 nemo
230 3222 293 3272 satis
310 3222 421 3288 poterit3
446 3223 539 3274 merita
554 3237 616 3275 vero
633 3223 688 3275 eius
706 3238 769 3291 erga
783 3223 924 3276 radoanann
940 3221 1071 3275 Pontiiicis
1087 3218 1191 3271 msuimi

64 3289 248 3343 bibliothecam
265 3292 447 3344 immortaliter
457 3308 560 3345 manere
577 3308 683 3356 necesse
700 3300 747 3347 est.
782 3294 878 3347 Iterum
902 3308 952 3360 ago
974 3291 1106 3360 superIora
1122 3303 1190 3341 anuo

67 3363 109 3416 Μ.
126 3361 231 3414 DCCC.
247 3360 324 3415 XXX
347 3362 380 3414 ad
399 3363 514 3416 Careme
530 3365 711 3418 monasterium
735 3380 867 3429 reversus,
889 3369 919 3417 ut
940 3363 1027 3415 biblici
1048 3357 1191 3430 apographi

65 3433 254 3486 coniectionem
271 3448 338 3500 quse
355 3435 404 3487 iana
422 3434 455 3486 ad
472 3434 569 3487 exitum
586 3435 709 3500 vergebat
724 3437 890 3504 inspicerem,
914 3432 939 3486 ri
956 3434 1057 3502 pluviae
1081 3431 1191 3485 maxima

64 3504 162 3557 ibidem
179 3503 261 3556 solida
277 3503 320 3556 die
332 3505 472 3557 subsistere
484 3511 589 3557 coactum
602 3520 675 3557 sume
693 3513 771 3574 atque
787 3506 888 3558 iuterim
903 3519 936 3558 ne
952 3505 979 3556 in
997 3511 1049 3556 tam
1059 3502 1192 3556 imctnoso

65 3577 126 3628 ioco
143 3590 286 3639 cessarem,
303 3576 403 3642 inspexi
421 3592 483 3642 prae
500 3577 594 3628 ceteris
610 3575 726 3629 eodioarn
743 3576 892 3644 quemdam,
915 3575 1008 3628 litteris
1025 3571 1191 3641 longobardi-

66 3648 106 3699 cis
132 3647 211 3714 paulo
237 3652 296 3714 post
321 3662 391 3698 saec.
407 3646 433 3698 X
459 3654 605 3711 exaratum,
635 3648 679 3713 qui
708 3648 856 3702 inscribitur
880 3644 955 3697 Bedo
972 3643 1004 3695 de
1023 3641 1191 3714 temporibus,

67 3718 233 3783 emunetque
257 3719 361 3783 iusuper
386 3718 510 3784 prolixam
538 3719 630 3770 seriem
662 3719 864 3772 testimoniorum
888 3732 922 3770 ex
945 3715 1052 3769 dirersis
1075 3715 1191 3783 patribus

67 3789 160 3858 partim
178 3788 286 3840 fortasse
304 3787 470 3840 ineditorum:
497 3789 522 3840 iu
547 3789 602 3840 eius
620 3793 705 3840 auteur
733 3791 805 3842 calce
821 3795 956 3842 tractatum
973 3786 1107 3853 quemdam
1124 3802 1193 3852 geo·

65 3858 217 3927 graphicum
235 3858 415 3924 obsen'abaun,
441 3860 514 3911 cuius
535 3865 575 3911 est
600 3859 703 3911 tituluss
737 3860 872 3915 INCIPIT
894 3857 1005 3911 LIBER
1028 3856 1191 3910 IUNIOIlIS

66 3929 299 3992 PHILOSOPHI,
317 3928 355 3981 IN
365 3930 442 3985 QUO
452 3928 688 3982 conuulsum
695 3931 828 4002 'I'Q'I'IUS
846 3929 955 3983 ortuis
966 3927 1191 3982 DESCRIPTIO.

66 4003 151 4054 Porro
167 4001 193 4052 id
208 4002 331 4068 scriptum
344 4002 403 4066 quia
417 4001 499 4052 bonae
510 3999 591 4065 frugis
601 4001 704 4054 minimo
714 4017 816 4071 expers,
832 4001 945 4067 satisque
958 4001 1097 4066 audquum,
1113 4003 1191 4050 etro·

65 4087 142 4125 mano
157 4071 239 4124 adhuc
246 4078 330 4123 stante
340 4071 408 4139 apud
416 4071 586 4123 occidentales
601 4072 709 4138 imperio
719 4074 887 4141 compositum
893 4069 1019 4136 videbam,
1035 4071 1149 4138 protinus
1158 4068 1191 4120 ad

65 4143 262 4194 exscribendum
273 4143 385 4206 incubui,
395 4149 445 4195 tam
455 4143 570 4210 impense
579 4141 639 4193 mihi
649 4142 758 4208 iaveute,
766 4159 843 4211 quem
852 4145 901 4196 iam
908 4140 1010 4194 honoris
1017 4156 1094 4194 causa
1101 4141 1192 4209 appel·

66 4213 125 4277 lavi,
145 4212 225 4265 archii
240 4213 371 4278 Praeside‚
393 4220 423 4266 ut
437 4213 556 4265 codicem
569 4212 602 4264 ad
623 4210 748 4281 hospitale
768 4230 852 4267 meum
869 4212 1013 4266 olibicqunr
1033 4210 1192 4263 festinandae

65 4285 211 4352 scriptionis
221 4285 397 4337 oeusadeIerri
407 4285 522 4337 voluerib
534 4283 602 4350 quod
608 4299 658 4350 ego
666 4285 816 4340 beneficium
822 4284 889 4340 baud
898 4283 1016 4352 equidem
1023 4281 1193 4346 miaorisieci,

132 4486 162 4558 ⁸)
182 4494 240 4545 Hoc
264 4493 329 4558 biaji
360 4496 515 4561 prooemium
549 4509 606 4545 cum
634 4491 703 4543 orbis
727 4490 898 4558 descriptione
925 4495 952 4540 et
978 4486 1193 4540 demonstratione

10 4571 13 4579 “
64 4563 250 4632 provinciarum
268 4566 336 4630 typis
353 4565 518 4631 repetendum
544 4565 687 4618 convinne
720 4578 735 4614 e
767 4562 848 4614 class
879 4561 1007 4617 Auette
1035 4560 1094 4613 I'at.
1118 4558 1195 4612 codd.

63 4635 190 4690 editorum
213 4636 247 4688 Τ.
274 4635 311 4689 III
337 4654 362 4705 p.
379 4639 553 4690 auo-llo.
