<?xml version="1.0" encoding="UTF-8"?>
<!DOCTYPE html PUBLIC "-//W3C//DTD XHTML 1.0 Transitional//EN"
    "http://www.w3.org/TR/xhtml1/DTD/xhtml1-transitional.dtd">
<html xmlns="http://www.w3.org/1999/xhtml" xml:lang="en" lang="en">
 <head>
  <title>
</title>
<meta http-equiv="Content-Type" content="text/html;charset=utf-8" />
  <meta name='ocr-system' content='tesseract 3.04.00' />
  <meta name='ocr-capabilities' content='ocr_page ocr_carea ocr_par ocr_line ocrx_word'/>
</head>
<body>
  <div class='ocr_page' id='page_1' title='image "./scriptoresrerum00bodegoog_0177.png"; bbox 0 0 2640 5130; ppageno 0'>
   <div class='ocr_carea' id='block_1_1' title="bbox 369 558 1199 667">
    <p class='ocr_par' dir='ltr' id='par_1_1' title="bbox 369 558 1199 667">
     <span class='ocr_line' id='line_1_1' title="bbox 369 558 1199 667; baseline 0.004 -26"><span class='ocrx_word' id='word_1_1' title='bbox 369 563 551 667; x_wconf 69' lang='lat' dir='ltr'><strong>Nptbogr.</strong></span> <span class='ocrx_word' id='word_1_2' title='bbox 578 562 650 637; x_wconf 68' lang='lat'><strong>11.⁴</strong></span> <span class='ocrx_word' id='word_1_3' title='bbox 668 559 762 636; x_wconf 99' lang='grc'><strong>201.</strong></span> <span class='ocrx_word' id='word_1_4' title='bbox 791 558 888 639; x_wconf 90' lang='grc'><strong>202.</strong></span> <span class='ocrx_word' id='word_1_5' title='bbox 1123 566 1199 645; x_wconf 76' lang='lat' dir='ltr'><strong>{At</strong></span> 
     </span>
    </p>
   </div>
   <div class='ocr_carea' id='block_1_2' title="bbox 58 740 1239 2805">
    <p class='ocr_par' dir='ltr' id='par_1_2' title="bbox 63 740 1200 842">
     <span class='ocr_line' id='line_1_2' title="bbox 63 740 1200 842; baseline 0.004 -24"><span class='ocrx_word' id='word_1_6' title='bbox 63 748 245 841; x_wconf 73' lang='lat' dir='ltr'><strong>Nauplius,</strong></span> <span class='ocrx_word' id='word_1_7' title='bbox 274 747 364 842; x_wconf 80' lang='lat' dir='ltr'><strong>enjus</strong></span> <span class='ocrx_word' id='word_1_8' title='bbox 383 748 465 818; x_wconf 77' lang='lat' dir='ltr'><strong>filius</strong></span> <span class='ocrx_word' id='word_1_9' title='bbox 484 745 694 828; x_wconf 75' lang='lat' dir='ltr'><strong>Palamedes,</strong></span> <span class='ocrx_word' id='word_1_10' title='bbox 720 767 756 814; x_wconf 83' lang='lat' dir='ltr'><strong>se</strong></span> <span class='ocrx_word' id='word_1_11' title='bbox 778 747 854 816; x_wconf 91' lang='lat' dir='ltr'><strong>timo</strong></span> <span class='ocrx_word' id='word_1_12' title='bbox 873 746 978 836; x_wconf 80' lang='lat' dir='ltr'><strong>gradu</strong></span> <span class='ocrx_word' id='word_1_13' title='bbox 998 740 1019 817; x_wconf 85' lang='lat' dir='ltr'><strong>a</strong></span> <span class='ocrx_word' id='word_1_14' title='bbox 1038 744 1118 819; x_wconf 87' lang='lat' dir='ltr'><strong>Belo</strong></span> <span class='ocrx_word' id='word_1_15' title='bbox 1136 756 1200 822; x_wconf 89' lang='lat' dir='ltr'><strong>ori·</strong></span> 
     </span>
    </p>

    <p class='ocr_par' dir='ltr' id='par_1_3' title="bbox 58 772 1220 1264">
     <span class='ocr_line' id='line_1_3' title="bbox 93 772 1198 926; baseline 0.005 -23"><span class='ocrx_word' id='word_1_16' title='bbox 93 838 103 855; x_wconf 82' lang='lat'>&#39;</span> <span class='ocrx_word' id='word_1_17' title='bbox 126 860 178 903; x_wconf 88' lang='lat' dir='ltr'><strong>em</strong></span> <span class='ocrx_word' id='word_1_18' title='bbox 199 836 340 917; x_wconf 81' lang='lat' dir='ltr'><strong>ducens,</strong></span> <span class='ocrx_word' id='word_1_19' title='bbox 367 858 466 926; x_wconf 85' lang='lat' dir='ltr'><strong>quum</strong></span> <span class='ocrx_word' id='word_1_20' title='bbox 492 834 650 903; x_wconf 76' lang='lat' dir='ltr'><strong>delectum</strong></span> <span class='ocrx_word' id='word_1_21' title='bbox 671 856 730 924; x_wconf 90' lang='lat' dir='ltr'><strong>per</strong></span> <span class='ocrx_word' id='word_1_22' title='bbox 751 772 921 902; x_wconf 56' lang='lat' dir='ltr'><strong>graeciam</strong></span> <span class='ocrx_word' id='word_1_23' title='bbox 942 851 1073 923; x_wconf 84' lang='lat' dir='ltr'><strong>ageret,</strong></span> <span class='ocrx_word' id='word_1_24' title='bbox 1102 839 1198 908; x_wconf 88' lang='lat' dir='ltr'><strong>simu·</strong></span> 
     </span>
     <span class='ocr_line' id='line_1_4' title="bbox 63 860 1199 1028; baseline 0.002 -38"><span class='ocrx_word' id='word_1_25' title='bbox 63 860 184 1025; x_wconf 57' lang='lat' dir='ltr'><strong>Esbous</strong></span> <span class='ocrx_word' id='word_1_26' title='bbox 218 922 373 1024; x_wconf 73' lang='lat' dir='ltr'><strong>insaniam</strong></span> <span class='ocrx_word' id='word_1_27' title='bbox 407 922 532 989; x_wconf 89' lang='lat' dir='ltr'><strong>Ulixem</strong></span> <span class='ocrx_word' id='word_1_28' title='bbox 569 919 660 1024; x_wconf 78' lang='lat' dir='ltr'><strong>duait</strong></span> <span class='ocrx_word' id='word_1_29' title='bbox 677 919 827 1022; x_wconf 71' lang='lat' dir='ltr'><strong>invitum.</strong></span> <span class='ocrx_word' id='word_1_30' title='bbox 884 921 993 995; x_wconf 79' lang='lat' dir='ltr'><strong>Quum</strong></span> <span class='ocrx_word' id='word_1_31' title='bbox 1025 924 1106 990; x_wconf 90' lang='lat' dir='ltr'><strong>enim</strong></span> <span class='ocrx_word' id='word_1_32' title='bbox 1133 927 1199 1028; x_wconf 78' lang='lat' dir='ltr'><strong>ille,</strong></span> 
     </span>
     <span class='ocr_line' id='line_1_5' title="bbox 58 1002 1220 1183; baseline 0.003 -23"><span class='ocrx_word' id='word_1_33' title='bbox 58 1006 614 1179; x_wconf 57' lang='lat' dir='ltr'><strong>{nannetensium</strong></span> <span class='ocrx_word' id='word_1_34' title='bbox 617 1002 1220 1183; x_wconf 52' lang='lat' dir='ltr'><strong>tillo„Altttl‘tialtta</strong></span> 
     </span>
     <span class='ocr_line' id='line_1_6' title="bbox 63 1175 1199 1264; baseline 0.004 -18"><span class='ocrx_word' id='word_1_35' title='bbox 63 1190 102 1246; x_wconf 92' lang='lat' dir='ltr'><strong>et</strong></span> <span class='ocrx_word' id='word_1_36' title='bbox 118 1177 163 1245; x_wconf 86' lang='lat' dir='ltr'><strong>ad</strong></span> <span class='ocrx_word' id='word_1_37' title='bbox 184 1178 300 1243; x_wconf 89' lang='lat' dir='ltr'><strong>bellum</strong></span> <span class='ocrx_word' id='word_1_38' title='bbox 322 1176 455 1255; x_wconf 86' lang='lat' dir='ltr'><strong>ductus,</strong></span> <span class='ocrx_word' id='word_1_39' title='bbox 483 1178 593 1245; x_wconf 90' lang='lat' dir='ltr'><strong>babuit</strong></span> <span class='ocrx_word' id='word_1_40' title='bbox 614 1176 733 1264; x_wconf 84' lang='lat' dir='ltr'><strong>justam</strong></span> <span class='ocrx_word' id='word_1_41' title='bbox 757 1197 886 1243; x_wconf 85' lang='lat' dir='ltr'><strong>causam</strong></span> <span class='ocrx_word' id='word_1_42' title='bbox 907 1175 1034 1255; x_wconf 87' lang='lat' dir='ltr'><strong>doloris.</strong></span> <span class='ocrx_word' id='word_1_43' title='bbox 1079 1181 1199 1251; x_wconf 82' lang='lat' dir='ltr'><strong>Postea</strong></span> 
     </span>
    </p>

    <p class='ocr_par' dir='ltr' id='par_1_4' title="bbox 87 1261 1198 1345">
     <span class='ocr_line' id='line_1_7' title="bbox 87 1261 1198 1345; baseline 0.004 -16"><span class='ocrx_word' id='word_1_44' title='bbox 87 1286 166 1331; x_wconf 91' lang='lat' dir='ltr'><strong>uum</strong></span> <span class='ocrx_word' id='word_1_45' title='bbox 193 1262 323 1339; x_wconf 78' lang='lat' dir='ltr'><strong>Ulixes,</strong></span> <span class='ocrx_word' id='word_1_46' title='bbox 359 1264 582 1331; x_wconf 75' lang='lat' dir='ltr'><strong>frumentatum</strong></span> <span class='ocrx_word' id='word_1_47' title='bbox 610 1263 722 1328; x_wconf 89' lang='lat' dir='ltr'><strong>missus</strong></span> <span class='ocrx_word' id='word_1_48' title='bbox 751 1261 793 1327; x_wconf 95' lang='lat' dir='ltr'><strong>ad</strong></span> <span class='ocrx_word' id='word_1_49' title='bbox 814 1261 1004 1345; x_wconf 79' lang='lat' dir='ltr'><strong>Thraciam,</strong></span> <span class='ocrx_word' id='word_1_50' title='bbox 1039 1266 1112 1331; x_wconf 90' lang='lat' dir='ltr'><strong>nibil</strong></span> <span class='ocrx_word' id='word_1_51' title='bbox 1140 1267 1198 1333; x_wconf 87' lang='lat' dir='ltr'><strong>ad·</strong></span> 
     </span>
    </p>

    <p class='ocr_par' dir='ltr' id='par_1_5' title="bbox 59 1346 1239 2805">
     <span class='ocr_line' id='line_1_8' title="bbox 90 1346 1197 1440; baseline 0.003 -24"><span class='ocrx_word' id='word_1_52' title='bbox 90 1349 226 1429; x_wconf 71' lang='lat' dir='ltr'><strong>uabset,</strong></span> <span class='ocrx_word' id='word_1_53' title='bbox 258 1370 277 1413; x_wconf 90' lang='lat' dir='ltr'><strong>a</strong></span> <span class='ocrx_word' id='word_1_54' title='bbox 305 1346 480 1414; x_wconf 77' lang='lat' dir='ltr'><strong>Palamede</strong></span> <span class='ocrx_word' id='word_1_55' title='bbox 505 1360 556 1417; x_wconf 87' lang='lat' dir='ltr'><strong>est</strong></span> <span class='ocrx_word' id='word_1_56' title='bbox 582 1347 785 1414; x_wconf 83' lang='lat' dir='ltr'><strong>vehomenter</strong></span> <span class='ocrx_word' id='word_1_57' title='bbox 804 1347 994 1434; x_wconf 81' lang='lat' dir='ltr'><strong>increpatus.</strong></span> <span class='ocrx_word' id='word_1_58' title='bbox 1035 1350 1197 1440; x_wconf 73' lang='lat' dir='ltr'><strong>Etouum</strong></span> 
     </span>
     <span class='ocr_line' id='line_1_9' title="bbox 62 1430 1196 1535; baseline 0.002 -35"><span class='ocrx_word' id='word_1_59' title='bbox 62 1436 206 1513; x_wconf 82' lang='lat' dir='ltr'><strong>diceret,</strong></span> <span class='ocrx_word' id='word_1_60' title='bbox 236 1432 323 1496; x_wconf 67' lang='lat' dir='ltr'><strong>ardeo</strong></span> <span class='ocrx_word' id='word_1_61' title='bbox 353 1455 421 1497; x_wconf 86' lang='lat' dir='ltr'><strong>noa</strong></span> <span class='ocrx_word' id='word_1_62' title='bbox 452 1456 525 1499; x_wconf 87' lang='lat' dir='ltr'><strong>ease</strong></span> <span class='ocrx_word' id='word_1_63' title='bbox 552 1430 811 1520; x_wconf 82' lang='lat' dir='ltr'><strong>neglegentiam</strong></span> <span class='ocrx_word' id='word_1_64' title='bbox 839 1454 955 1512; x_wconf 79' lang='lat' dir='ltr'><strong>anam,</strong></span> <span class='ocrx_word' id='word_1_65' title='bbox 987 1454 1056 1499; x_wconf 87' lang='lat' dir='ltr'><strong>nee·</strong></span> <span class='ocrx_word' id='word_1_66' title='bbox 1080 1438 1196 1535; x_wconf 83' lang='lat' dir='ltr'><strong>ipsam</strong></span> 
     </span>
     <span class='ocr_line' id='line_1_10' title="bbox 84 1515 1239 1619; baseline -0.001 -36"><span class='ocrx_word' id='word_1_67' title='bbox 84 1518 222 1597; x_wconf 78' lang='lat' dir='ltr'><strong>uidem,</strong></span> <span class='ocrx_word' id='word_1_68' title='bbox 243 1517 275 1581; x_wconf 86' lang='lat' dir='ltr'><strong>si</strong></span> <span class='ocrx_word' id='word_1_69' title='bbox 284 1529 471 1619; x_wconf 60' lang='lat' dir='ltr'><strong>pergeret,</strong></span> <span class='ocrx_word' id='word_1_70' title='bbox 494 1516 678 1606; x_wconf 82' lang='lat' dir='ltr'><strong>quiequam</strong></span> <span class='ocrx_word' id='word_1_71' title='bbox 698 1515 864 1581; x_wconf 79' lang='lat' dir='ltr'><strong>advehere</strong></span> <span class='ocrx_word' id='word_1_72' title='bbox 881 1539 982 1618; x_wconf 80' lang='lat' dir='ltr'><strong>posse</strong></span> <span class='ocrx_word' id='word_1_73' title='bbox 988 1541 1001 1597; x_wconf 73' lang='grc' dir='ltr'><strong><em>ς</em></strong></span> <span class='ocrx_word' id='word_1_74' title='bbox 1030 1530 1239 1608; x_wconf 80' lang='lat' dir='ltr'><strong>prolectuslu</strong></span> 
     </span>
     <span class='ocr_line' id='line_1_11' title="bbox 93 1582 1196 1676; baseline 0.004 -6"><span class='ocrx_word' id='word_1_75' title='bbox 93 1601 254 1670; x_wconf 72' lang='lat' dir='ltr'><strong>ala-edes</strong></span> <span class='ocrx_word' id='word_1_76' title='bbox 283 1582 404 1668; x_wconf 82' lang='lat' dir='ltr'><strong>mtinita</strong></span> <span class='ocrx_word' id='word_1_77' title='bbox 430 1602 588 1668; x_wconf 82' lang='lat' dir='ltr'><strong>frumenta</strong></span> <span class='ocrx_word' id='word_1_78' title='bbox 613 1600 748 1667; x_wconf 81' lang='lat' dir='ltr'><strong>advexit</strong></span> <span class='ocrx_word' id='word_1_79' title='bbox 788 1602 863 1676; x_wconf 82' lang='lat' dir='ltr'><strong>Qua</strong></span> <span class='ocrx_word' id='word_1_80' title='bbox 882 1601 997 1668; x_wconf 77' lang='lat' dir='ltr'><strong>invidia</strong></span> <span class='ocrx_word' id='word_1_81' title='bbox 1016 1607 1117 1673; x_wconf 85' lang='lat' dir='ltr'><strong>auctis</strong></span> <span class='ocrx_word' id='word_1_82' title='bbox 1137 1609 1196 1674; x_wconf 91' lang='lat' dir='ltr'><strong>ini-</strong></span> 
     </span>
     <span class='ocr_line' id='line_1_12' title="bbox 61 1685 1195 1775; baseline 0.004 -20"><span class='ocrx_word' id='word_1_83' title='bbox 61 1688 205 1769; x_wconf 80' lang='lat' dir='ltr'><strong>micitiis,</strong></span> <span class='ocrx_word' id='word_1_84' title='bbox 225 1687 331 1753; x_wconf 84' lang='lat' dir='ltr'><strong>fietam</strong></span> <span class='ocrx_word' id='word_1_85' title='bbox 348 1687 510 1774; x_wconf 88' lang='lat' dir='ltr'><strong>epistolam</strong></span> <span class='ocrx_word' id='word_1_86' title='bbox 525 1686 643 1753; x_wconf 90' lang='lat' dir='ltr'><strong>Priami</strong></span> <span class='ocrx_word' id='word_1_87' title='bbox 664 1686 788 1752; x_wconf 87' lang='lat' dir='ltr'><strong>nomine</strong></span> <span class='ocrx_word' id='word_1_88' title='bbox 803 1685 846 1752; x_wconf 89' lang='lat' dir='ltr'><strong>ad</strong></span> <span class='ocrx_word' id='word_1_89' title='bbox 855 1685 1059 1757; x_wconf 78' lang='lat' dir='ltr'><strong>Palamedem</strong></span> <span class='ocrx_word' id='word_1_90' title='bbox 1072 1691 1195 1775; x_wconf 78' lang='lat' dir='ltr'><strong>direxit,</strong></span> 
     </span>
     <span class='ocr_line' id='line_1_13' title="bbox 62 1771 1195 1864; baseline 0.006 -25"><span class='ocrx_word' id='word_1_91' title='bbox 62 1794 238 1864; x_wconf 85' lang='lat' dir='ltr'><strong>perquam</strong></span> <span class='ocrx_word' id='word_1_92' title='bbox 260 1773 382 1859; x_wconf 77' lang='lat' dir='ltr'><strong>agebat</strong></span> <span class='ocrx_word' id='word_1_93' title='bbox 401 1772 523 1860; x_wconf 78' lang='lat' dir='ltr'><strong>gratias</strong></span> <span class='ocrx_word' id='word_1_94' title='bbox 545 1771 746 1860; x_wconf 75' lang='lat' dir='ltr'><strong>proditionis,</strong></span> <span class='ocrx_word' id='word_1_95' title='bbox 776 1783 810 1840; x_wconf 91' lang='lat' dir='ltr'><strong>et</strong></span> <span class='ocrx_word' id='word_1_96' title='bbox 827 1777 1113 1857; x_wconf 83' lang='lat' dir='ltr'><strong>commemorabat,</strong></span> <span class='ocrx_word' id='word_1_97' title='bbox 1143 1802 1195 1846; x_wconf 89' lang='lat' dir='ltr'><strong>so·</strong></span> 
     </span>
     <span class='ocr_line' id='line_1_14' title="bbox 64 1855 1194 1951; baseline 0.005 -26"><span class='ocrx_word' id='word_1_98' title='bbox 64 1870 189 1926; x_wconf 84' lang='lat' dir='ltr'><strong>oretum</strong></span> <span class='ocrx_word' id='word_1_99' title='bbox 216 1859 286 1924; x_wconf 86' lang='lat' dir='ltr'><strong>auri</strong></span> <span class='ocrx_word' id='word_1_100' title='bbox 314 1855 439 1945; x_wconf 81' lang='lat' dir='ltr'><strong>pondm</strong></span> <span class='ocrx_word' id='word_1_101' title='bbox 467 1879 540 1924; x_wconf 86' lang='lat' dir='ltr'><strong>esse</strong></span> <span class='ocrx_word' id='word_1_102' title='bbox 565 1857 795 1937; x_wconf 88' lang='lat' dir='ltr'><strong>transmissum,</strong></span> <span class='ocrx_word' id='word_1_103' title='bbox 852 1856 917 1923; x_wconf 91' lang='lat' dir='ltr'><strong>uod</strong></span> <span class='ocrx_word' id='word_1_104' title='bbox 951 1857 1042 1929; x_wconf 82' lang='lat' dir='ltr'><strong>dedit</strong></span> <span class='ocrx_word' id='word_1_105' title='bbox 1069 1863 1194 1951; x_wconf 83' lang='lat' dir='ltr'><strong>captivo</strong></span> 
     </span>
     <span class='ocr_line' id='line_1_15' title="bbox 61 1941 1236 2046; baseline 0.005 -36"><span class='ocrx_word' id='word_1_106' title='bbox 61 1944 225 2046; x_wconf 63' lang='lat' dir='ltr'><strong>Trojano,</strong></span> <span class='ocrx_word' id='word_1_107' title='bbox 245 1953 280 2010; x_wconf 92' lang='lat' dir='ltr'><strong>et</strong></span> <span class='ocrx_word' id='word_1_108' title='bbox 299 1964 372 2008; x_wconf 84' lang='lat' dir='ltr'><strong>eum</strong></span> <span class='ocrx_word' id='word_1_109' title='bbox 392 1944 425 2009; x_wconf 90' lang='lat' dir='ltr'><strong>in</strong></span> <span class='ocrx_word' id='word_1_110' title='bbox 444 1942 557 2009; x_wconf 87' lang='lat' dir='ltr'><strong>itinere</strong></span> <span class='ocrx_word' id='word_1_111' title='bbox 576 1942 653 2009; x_wconf 84' lang='lat' dir='ltr'><strong>lecit</strong></span> <span class='ocrx_word' id='word_1_112' title='bbox 668 1941 785 2008; x_wconf 82' lang='lat' dir='ltr'><strong>occidi.</strong></span> <span class='ocrx_word' id='word_1_113' title='bbox 859 1964 917 2008; x_wconf 88' lang='lat' dir='ltr'><strong>aea</strong></span> <span class='ocrx_word' id='word_1_114' title='bbox 937 1942 1080 2031; x_wconf 84' lang='lat' dir='ltr'><strong>inventa,</strong></span> <span class='ocrx_word' id='word_1_115' title='bbox 1105 1955 1236 2016; x_wconf 66' lang='lat' dir='ltr'><strong>morali</strong></span> 
     </span>
     <span class='ocr_line' id='line_1_16' title="bbox 61 2026 1194 2115; baseline 0.004 -19"><span class='ocrx_word' id='word_1_116' title='bbox 61 2030 188 2097; x_wconf 79' lang='lat' dir='ltr'><strong>militiae</strong></span> <span class='ocrx_word' id='word_1_117' title='bbox 206 2028 279 2115; x_wconf 77' lang='lat' dir='ltr'><strong>regi</strong></span> <span class='ocrx_word' id='word_1_118' title='bbox 297 2027 403 2096; x_wconf 88' lang='lat' dir='ltr'><strong>oblata</strong></span> <span class='ocrx_word' id='word_1_119' title='bbox 423 2040 488 2107; x_wconf 88' lang='lat' dir='ltr'><strong>est,</strong></span> <span class='ocrx_word' id='word_1_120' title='bbox 509 2039 543 2096; x_wconf 89' lang='lat' dir='ltr'><strong>et</strong></span> <span class='ocrx_word' id='word_1_121' title='bbox 560 2026 643 2094; x_wconf 87' lang='lat' dir='ltr'><strong>lecta</strong></span> <span class='ocrx_word' id='word_1_122' title='bbox 664 2027 855 2115; x_wconf 88' lang='lat' dir='ltr'><strong>principibus</strong></span> <span class='ocrx_word' id='word_1_123' title='bbox 877 2033 1066 2098; x_wconf 82' lang='lat' dir='ltr'><strong>convocatis.</strong></span> <span class='ocrx_word' id='word_1_124' title='bbox 1097 2034 1194 2102; x_wconf 82' lang='lat' dir='ltr'><strong>&#39;Puna</strong></span> 
     </span>
     <span class='ocr_line' id='line_1_17' title="bbox 61 2110 1194 2202; baseline 0.003 -21"><span class='ocrx_word' id='word_1_125' title='bbox 61 2116 169 2182; x_wconf 76' lang='lat' dir='ltr'><strong>Ulixes</strong></span> <span class='ocrx_word' id='word_1_126' title='bbox 188 2134 286 2202; x_wconf 83' lang='lat' dir='ltr'><strong>quum</strong></span> <span class='ocrx_word' id='word_1_127' title='bbox 307 2134 345 2180; x_wconf 87' lang='lat' dir='ltr'><strong>se</strong></span> <span class='ocrx_word' id='word_1_128' title='bbox 363 2111 526 2181; x_wconf 81' lang='lat' dir='ltr'><strong>Palamedi</strong></span> <span class='ocrx_word' id='word_1_129' title='bbox 555 2110 779 2191; x_wconf 74' lang='lat' dir='ltr'><strong>dissimularet,</strong></span> <span class='ocrx_word' id='word_1_130' title='bbox 814 2111 873 2181; x_wconf 87' lang='lat' dir='ltr'><strong>ait:</strong></span> <span class='ocrx_word' id='word_1_131' title='bbox 908 2115 949 2179; x_wconf 84' lang='lat' dir='ltr'><strong>Si</strong></span> <span class='ocrx_word' id='word_1_132' title='bbox 974 2138 1093 2182; x_wconf 80' lang='lat' dir='ltr'><strong>verrem</strong></span> <span class='ocrx_word' id='word_1_133' title='bbox 1120 2142 1194 2185; x_wconf 81' lang='lat' dir='ltr'><strong>esse</strong></span> 
     </span>
     <span class='ocr_line' id='line_1_18' title="bbox 60 2196 1192 2285; baseline -0.003 -21"><span class='ocrx_word' id='word_1_134' title='bbox 60 2222 127 2264; x_wconf 83' lang='lat' dir='ltr'><strong>aon</strong></span> <span class='ocrx_word' id='word_1_135' title='bbox 154 2198 319 2275; x_wconf 81' lang='lat' dir='ltr'><strong>creditis,</strong></span> <span class='ocrx_word' id='word_1_136' title='bbox 355 2197 395 2262; x_wconf 84' lang='lat' dir='ltr'><strong>ia</strong></span> <span class='ocrx_word' id='word_1_137' title='bbox 425 2196 584 2265; x_wconf 85' lang='lat' dir='ltr'><strong>tentorio·</strong></span> <span class='ocrx_word' id='word_1_138' title='bbox 603 2197 680 2282; x_wconf 74' lang='lat' dir='ltr'><strong>ejas</strong></span> <span class='ocrx_word' id='word_1_139' title='bbox 706 2219 833 2262; x_wconf 78' lang='lat' dir='ltr'><strong>aarum</strong></span> <span class='ocrx_word' id='word_1_140' title='bbox 860 2210 1062 2285; x_wconf 79' lang='lat' dir='ltr'><strong>quaeratur.</strong></span> <span class='ocrx_word' id='word_1_141' title='bbox 1117 2203 1192 2278; x_wconf 79' lang='lat' dir='ltr'><strong>Quo</strong></span> 
     </span>
     <span class='ocr_line' id='line_1_19' title="bbox 61 2281 1192 2376; baseline 0.007 -27"><span class='ocrx_word' id='word_1_142' title='bbox 61 2284 165 2364; x_wconf 83' lang='lat' dir='ltr'><strong>laeto,</strong></span> <span class='ocrx_word' id='word_1_143' title='bbox 203 2282 393 2371; x_wconf 82' lang='lat' dir='ltr'><strong>inventoque</strong></span> <span class='ocrx_word' id='word_1_144' title='bbox 423 2304 520 2363; x_wconf 89' lang='lat' dir='ltr'><strong>auro,</strong></span> <span class='ocrx_word' id='word_1_145' title='bbox 559 2281 645 2369; x_wconf 86' lang='lat' dir='ltr'><strong>qood</strong></span> <span class='ocrx_word' id='word_1_146' title='bbox 673 2281 742 2369; x_wconf 86' lang='lat' dir='ltr'><strong>ipso</strong></span> <span class='ocrx_word' id='word_1_147' title='bbox 768 2304 827 2369; x_wconf 88' lang='lat' dir='ltr'><strong>per</strong></span> <span class='ocrx_word' id='word_1_148' title='bbox 856 2295 998 2364; x_wconf 86' lang='lat' dir='ltr'><strong>noctem,</strong></span> <span class='ocrx_word' id='word_1_149' title='bbox 1035 2290 1192 2376; x_wconf 77' lang='lat' dir='ltr'><strong>corruptis</strong></span> 
     </span>
     <span class='ocr_line' id='line_1_20' title="bbox 61 2365 1235 2456; baseline 0.005 -20"><span class='ocrx_word' id='word_1_150' title='bbox 61 2370 175 2449; x_wconf 72' lang='lat' dir='ltr'><strong>mis,</strong></span> <span class='ocrx_word' id='word_1_151' title='bbox 196 2367 425 2444; x_wconf 74' lang='lat' dir='ltr'><strong>absconderat,</strong></span> <span class='ocrx_word' id='word_1_152' title='bbox 443 2366 633 2434; x_wconf 89' lang='lat' dir='ltr'><strong>Palamedes</strong></span> <span class='ocrx_word' id='word_1_153' title='bbox 645 2365 800 2456; x_wconf 85' lang='lat' dir='ltr'><strong>lapidibus</strong></span> <span class='ocrx_word' id='word_1_154' title='bbox 813 2368 996 2435; x_wconf 87' lang='lat' dir='ltr'><strong>interemtus</strong></span> <span class='ocrx_word' id='word_1_155' title='bbox 1009 2383 1066 2438; x_wconf 82' lang='lat' dir='ltr'><strong>est.</strong></span> <span class='ocrx_word' id='word_1_156' title='bbox 1093 2374 1235 2442; x_wconf 67' lang='lat' dir='ltr'><strong>Hancne</strong></span> 
     </span>
     <span class='ocr_line' id='line_1_21' title="bbox 60 2451 1191 2557; baseline 0.004 -34"><span class='ocrx_word' id='word_1_157' title='bbox 60 2466 312 2557; x_wconf 58' lang='lat' dir='ltr'><strong>auterupoustat</strong></span> <span class='ocrx_word' id='word_1_158' title='bbox 333 2453 434 2556; x_wconf 45' lang='lat' dir='ltr'><strong>fuisse·</strong></span> <span class='ocrx_word' id='word_1_159' title='bbox 448 2453 645 2556; x_wconf 80' lang='lat' dir='ltr'><strong>prudentem.</strong></span> <span class='ocrx_word' id='word_1_160' title='bbox 686 2451 770 2554; x_wconf 80' lang='lat' dir='ltr'><strong>Nam</strong></span> <span class='ocrx_word' id='word_1_161' title='bbox 799 2466 831 2520; x_wconf 88' lang='lat' dir='ltr'><strong>et</strong></span> <span class='ocrx_word' id='word_1_162' title='bbox 855 2453 993 2520; x_wconf 90' lang='lat' dir='ltr'><strong>tabulam</strong></span> <span class='ocrx_word' id='word_1_163' title='bbox 1012 2454 1128 2525; x_wconf 80' lang='lat' dir='ltr'><strong>invonit</strong></span> <span class='ocrx_word' id='word_1_164' title='bbox 1150 2462 1191 2527; x_wconf 89' lang='lat' dir='ltr'><strong>ad</strong></span> 
     </span>
     <span class='ocr_line' id='line_1_22' title="bbox 59 2537 1193 2713; baseline 0.007 -22"><span class='ocrx_word' id='word_1_165' title='bbox 59 2537 436 2712; x_wconf 48' lang='lat' dir='ltr'><strong>&amp;latitant</strong></span> <span class='ocrx_word' id='word_1_166' title='bbox 457 2538 843 2713; x_wconf 59' lang='lat' dir='ltr'><strong>ttlltltnttlttt,</strong></span> <span class='ocrx_word' id='word_1_167' title='bbox 864 2538 1027 2710; x_wconf 60' lang='lat' dir='ltr'><strong>ltili?</strong></span> <span class='ocrx_word' id='word_1_168' title='bbox 1047 2553 1193 2699; x_wconf 59' lang='lat' dir='ltr'><strong>ltili</strong></span> 
     </span>
     <span class='ocr_line' id='line_1_23' title="bbox 61 2707 1192 2805; baseline -0.004 -29"><span class='ocrx_word' id='word_1_169' title='bbox 61 2709 168 2777; x_wconf 87' lang='lat' dir='ltr'><strong>dubia.</strong></span> <span class='ocrx_word' id='word_1_170' title='bbox 209 2708 351 2778; x_wconf 77' lang='lat' dir='ltr'><strong>Tantum</strong></span> <span class='ocrx_word' id='word_1_171' title='bbox 365 2720 488 2778; x_wconf 83' lang='lat' dir='ltr'><strong>sertum</strong></span> <span class='ocrx_word' id='word_1_172' title='bbox 507 2720 567 2791; x_wconf 88' lang='lat' dir='ltr'><strong>est,</strong></span> <span class='ocrx_word' id='word_1_173' title='bbox 587 2709 661 2800; x_wconf 63' lang='lat' dir='ltr'><strong>pab</strong></span> <span class='ocrx_word' id='word_1_174' title='bbox 682 2707 745 2774; x_wconf 86' lang='lat' dir='ltr'><strong>boo</strong></span> <span class='ocrx_word' id='word_1_175' title='bbox 760 2730 832 2775; x_wconf 88' lang='lat' dir='ltr'><strong>esse</strong></span> <span class='ocrx_word' id='word_1_176' title='bbox 844 2707 1002 2779; x_wconf 82' lang='lat' dir='ltr'><strong>inventum</strong></span> <span class='ocrx_word' id='word_1_177' title='bbox 1016 2733 1088 2781; x_wconf 87' lang='lat' dir='ltr'><strong>cum</strong></span> <span class='ocrx_word' id='word_1_178' title='bbox 1108 2718 1192 2805; x_wconf 74' lang='lat' dir='ltr'><strong>aspi.</strong></span> 
     </span>
    </p>
   </div>
   <div class='ocr_carea' id='block_1_3' title="bbox 59 2796 1233 2977">
    <p class='ocr_par' dir='ltr' id='par_1_6' title="bbox 59 2796 1233 2977">
     <span class='ocr_line' id='line_1_24' title="bbox 59 2796 1233 2977; baseline 0.009 -29"><span class='ocrx_word' id='word_1_179' title='bbox 59 2796 191 2864; x_wconf 58' lang='lat' dir='ltr'><strong>mm</strong></span> <span class='ocrx_word' id='word_1_180' title='bbox 409 2874 504 2953; x_wconf 88' lang='grc'><strong>201.</strong></span> <span class='ocrx_word' id='word_1_181' title='bbox 555 2878 831 2977; x_wconf 85' lang='lat' dir='ltr'><strong>Nauplius.</strong></span> <span class='ocrx_word' id='word_1_182' title='bbox 1195 2822 1233 2873; x_wconf 47' lang='grc' dir='ltr'><em>ω</em></span> 
     </span>
    </p>
   </div>
   <div class='ocr_carea' id='block_1_4' title="bbox 55 3003 1288 3439">
    <p class='ocr_par' dir='ltr' id='par_1_7' title="bbox 55 3003 1288 3439">
     <span class='ocr_line' id='line_1_25' title="bbox 140 3003 1189 3099; baseline 0.003 -24"><span class='ocrx_word' id='word_1_183' title='bbox 140 3003 325 3075; x_wconf 85' lang='lat' dir='ltr'><strong>Palamedis</strong></span> <span class='ocrx_word' id='word_1_184' title='bbox 345 3017 451 3075; x_wconf 88' lang='lat' dir='ltr'><strong>autem</strong></span> <span class='ocrx_word' id='word_1_185' title='bbox 470 3016 562 3094; x_wconf 85' lang='lat' dir='ltr'><strong>pater</strong></span> <span class='ocrx_word' id='word_1_186' title='bbox 581 3003 752 3093; x_wconf 88' lang='lat' dir='ltr'><strong>Nauplius,</strong></span> <span class='ocrx_word' id='word_1_187' title='bbox 779 3014 969 3097; x_wconf 82' lang='lat' dir='ltr'><strong>Amymones</strong></span> <span class='ocrx_word' id='word_1_188' title='bbox 995 3020 1030 3078; x_wconf 85' lang='lat' dir='ltr'><strong>et</strong></span> <span class='ocrx_word' id='word_1_189' title='bbox 1048 3010 1189 3099; x_wconf 86' lang='lat' dir='ltr'><strong>Neptuni</strong></span> 
     </span>
     <span class='ocr_line' id='line_1_26' title="bbox 59 3090 1288 3184; baseline 0.003 -24"><span class='ocrx_word' id='word_1_190' title='bbox 59 3092 158 3172; x_wconf 77' lang='lat' dir='ltr'><strong>fiius,</strong></span> <span class='ocrx_word' id='word_1_191' title='bbox 188 3090 243 3159; x_wconf 85' lang='lat' dir='ltr'><strong>lilii</strong></span> <span class='ocrx_word' id='word_1_192' title='bbox 270 3102 373 3160; x_wconf 85' lang='lat' dir='ltr'><strong>morte</strong></span> <span class='ocrx_word' id='word_1_193' title='bbox 399 3091 526 3171; x_wconf 90' lang='lat' dir='ltr'><strong>dolens,</strong></span> <span class='ocrx_word' id='word_1_194' title='bbox 553 3091 781 3159; x_wconf 77' lang='lat' dir='ltr'><strong>resonantibus</strong></span> <span class='ocrx_word' id='word_1_195' title='bbox 803 3094 937 3160; x_wconf 85' lang='lat' dir='ltr'><strong>Graecis</strong></span> <span class='ocrx_word' id='word_1_196' title='bbox 959 3109 1032 3184; x_wconf 91' lang='lat' dir='ltr'><strong>post</strong></span> <span class='ocrx_word' id='word_1_197' title='bbox 1054 3096 1190 3164; x_wconf 89' lang='lat' dir='ltr'><strong>deletam</strong></span> <span class='ocrx_word' id='word_1_198' title='bbox 1285 3118 1288 3124; x_wconf 52' lang='lat'><em>¹</em></span> 
     </span>
     <span class='ocr_line' id='line_1_27' title="bbox 57 3176 1188 3269; baseline 0.003 -24"><span class='ocrx_word' id='word_1_199' title='bbox 57 3177 190 3269; x_wconf 73' lang='lat' dir='ltr'><strong>&#39;frojam</strong></span> <span class='ocrx_word' id='word_1_200' title='bbox 211 3188 400 3267; x_wconf 83' lang='lat' dir='ltr'><strong>tempestato</strong></span> <span class='ocrx_word' id='word_1_201' title='bbox 419 3176 649 3256; x_wconf 86' lang='lat' dir='ltr'><strong>laborantibus,</strong></span> <span class='ocrx_word' id='word_1_202' title='bbox 680 3188 817 3244; x_wconf 91' lang='lat' dir='ltr'><strong>montem</strong></span> <span class='ocrx_word' id='word_1_203' title='bbox 847 3179 1049 3267; x_wconf 80' lang='lat' dir='ltr'><strong>Caphereum</strong></span> <span class='ocrx_word' id='word_1_204' title='bbox 1077 3205 1188 3248; x_wconf 88' lang='lat' dir='ltr'><strong>ascen-</strong></span> 
     </span>
     <span class='ocr_line' id='line_1_28' title="bbox 56 3258 1230 3357; baseline 0.002 -26"><span class='ocrx_word' id='word_1_205' title='bbox 56 3262 119 3343; x_wconf 86' lang='lat' dir='ltr'><strong>dit,</strong></span> <span class='ocrx_word' id='word_1_206' title='bbox 140 3272 177 3329; x_wconf 90' lang='lat' dir='ltr'><strong>et</strong></span> <span class='ocrx_word' id='word_1_207' title='bbox 196 3260 280 3331; x_wconf 87' lang='lat' dir='ltr'><strong>elata</strong></span> <span class='ocrx_word' id='word_1_208' title='bbox 300 3261 403 3329; x_wconf 78' lang='lat' dir='ltr'><strong>lanula</strong></span> <span class='ocrx_word' id='word_1_209' title='bbox 422 3261 550 3349; x_wconf 80' lang='lat' dir='ltr'><strong>signum</strong></span> <span class='ocrx_word' id='word_1_210' title='bbox 573 3258 661 3328; x_wconf 92' lang='lat' dir='ltr'><strong>dedit</strong></span> <span class='ocrx_word' id='word_1_211' title='bbox 677 3261 768 3328; x_wconf 82' lang='lat' dir='ltr'><strong>vicini</strong></span> <span class='ocrx_word' id='word_1_212' title='bbox 788 3273 906 3351; x_wconf 88' lang='lat' dir='ltr'><strong>portus.</strong></span> <span class='ocrx_word' id='word_1_213' title='bbox 944 3265 1042 3332; x_wconf 85' lang='lat' dir='ltr'><strong>Unda</strong></span> <span class='ocrx_word' id='word_1_214' title='bbox 1061 3265 1230 3357; x_wconf 76' lang='lat' dir='ltr'><strong>deeepti30</strong></span> 
     </span>
     <span class='ocr_line' id='line_1_29' title="bbox 55 3345 983 3439; baseline 0 -23"><span class='ocrx_word' id='word_1_215' title='bbox 55 3348 175 3417; x_wconf 78' lang='lat' dir='ltr'><strong>(inueni</strong></span> <span class='ocrx_word' id='word_1_216' title='bbox 194 3368 256 3437; x_wconf 84' lang='lat' dir='ltr'><strong>per</strong></span> <span class='ocrx_word' id='word_1_217' title='bbox 274 3347 408 3417; x_wconf 74' lang='lat' dir='ltr'><strong>dmosos</strong></span> <span class='ocrx_word' id='word_1_218' title='bbox 428 3346 576 3439; x_wconf 87' lang='lat' dir='ltr'><strong>soopulos</strong></span> <span class='ocrx_word' id='word_1_219' title='bbox 595 3345 754 3437; x_wconf 86' lang='lat' dir='ltr'><strong>pertulere</strong></span> <span class='ocrx_word' id='word_1_220' title='bbox 775 3347 954 3438; x_wconf 76' lang='lat' dir='ltr'><strong>naufragia.</strong></span> <span class='ocrx_word' id='word_1_221' title='bbox 980 3356 983 3360; x_wconf 79' lang='grc'><strong>’</strong></span> 
     </span>
    </p>
   </div>
   <div class='ocr_carea' id='block_1_5' title="bbox 356 3513 881 3621">
    <p class='ocr_par' dir='ltr' id='par_1_8' title="bbox 356 3513 881 3621">
     <span class='ocr_line' id='line_1_30' title="bbox 356 3513 881 3621; baseline 0.006 -29"><span class='ocrx_word' id='word_1_222' title='bbox 356 3513 881 3621; x_wconf 59' lang='grc' dir='ltr'><strong>202.ἈΗ11111111111011.</strong></span> 
     </span>
    </p>
   </div>
   <div class='ocr_carea' id='block_1_6' title="bbox 46 3643 1225 4676">
    <p class='ocr_par' dir='ltr' id='par_1_9' title="bbox 49 3643 1225 4095">
     <span class='ocr_line' id='line_1_31' title="bbox 135 3643 1184 3737; baseline 0.013 -27"><span class='ocrx_word' id='word_1_223' title='bbox 135 3646 246 3721; x_wconf 81' lang='lat' dir='ltr'><strong>Quum</strong></span> <span class='ocrx_word' id='word_1_224' title='bbox 277 3645 396 3712; x_wconf 80' lang='lat' dir='ltr'><strong>Graeci</strong></span> <span class='ocrx_word' id='word_1_225' title='bbox 426 3643 469 3712; x_wconf 94' lang='lat' dir='ltr'><strong>ad</strong></span> <span class='ocrx_word' id='word_1_226' title='bbox 501 3644 642 3713; x_wconf 80' lang='lat' dir='ltr'><strong>Aulidem</strong></span> <span class='ocrx_word' id='word_1_227' title='bbox 673 3647 847 3729; x_wconf 85' lang='lat' dir='ltr'><strong>venissent,</strong></span> <span class='ocrx_word' id='word_1_228' title='bbox 881 3652 1097 3737; x_wconf 84' lang='lat' dir='ltr'><strong>Agamemnon</strong></span> <span class='ocrx_word' id='word_1_229' title='bbox 1128 3677 1184 3726; x_wconf 87' lang='lat' dir='ltr'><strong>rex</strong></span> 
     </span>
     <span class='ocr_line' id='line_1_32' title="bbox 53 3728 1183 3818; baseline 0.011 -22"><span class='ocrx_word' id='word_1_230' title='bbox 53 3728 179 3797; x_wconf 85' lang='lat' dir='ltr'><strong>llisnae</strong></span> <span class='ocrx_word' id='word_1_231' title='bbox 198 3752 324 3798; x_wconf 66' lang='lat' dir='ltr'><strong>mnam</strong></span> <span class='ocrx_word' id='word_1_232' title='bbox 344 3729 461 3798; x_wconf 86' lang='lat' dir='ltr'><strong>oeoidit</strong></span> <span class='ocrx_word' id='word_1_233' title='bbox 484 3732 625 3818; x_wconf 75' lang='lat' dir='ltr'><strong>ignarus.</strong></span> <span class='ocrx_word' id='word_1_234' title='bbox 668 3733 763 3801; x_wconf 87' lang='lat' dir='ltr'><strong>Unda</strong></span> <span class='ocrx_word' id='word_1_235' title='bbox 787 3736 868 3802; x_wconf 90' lang='lat' dir='ltr'><strong>irata</strong></span> <span class='ocrx_word' id='word_1_236' title='bbox 895 3737 989 3805; x_wconf 90' lang='lat' dir='ltr'><strong>flatus</strong></span> <span class='ocrx_word' id='word_1_237' title='bbox 1019 3752 1183 3808; x_wconf 81' lang='lat' dir='ltr'><strong>ventorum</strong></span> 
     </span>
     <span class='ocr_line' id='line_1_33' title="bbox 52 3816 1225 3913; baseline 0.009 -31"><span class='ocrx_word' id='word_1_238' title='bbox 52 3818 195 3884; x_wconf 80' lang='lat' dir='ltr'><strong>removit.</strong></span> <span class='ocrx_word' id='word_1_239' title='bbox 237 3816 454 3891; x_wconf 86' lang='lat' dir='ltr'><strong>Quamobrem</strong></span> <span class='ocrx_word' id='word_1_240' title='bbox 488 3839 583 3904; x_wconf 89' lang='lat' dir='ltr'><strong>quum</strong></span> <span class='ocrx_word' id='word_1_241' title='bbox 606 3840 665 3884; x_wconf 88' lang='lat' dir='ltr'><strong>nea</strong></span> <span class='ocrx_word' id='word_1_242' title='bbox 686 3820 836 3906; x_wconf 80' lang='lat' dir='ltr'><strong>navigare</strong></span> <span class='ocrx_word' id='word_1_243' title='bbox 856 3836 1000 3907; x_wconf 88' lang='lat' dir='ltr'><strong>possent,</strong></span> <span class='ocrx_word' id='word_1_244' title='bbox 1028 3838 1061 3891; x_wconf 89' lang='lat' dir='ltr'><strong>et</strong></span> <span class='ocrx_word' id='word_1_245' title='bbox 1088 3832 1225 3913; x_wconf 79' lang='lat' dir='ltr'><strong>pesti-aa</strong></span> 
     </span>
     <span class='ocr_line' id='line_1_34' title="bbox 51 3899 1186 3995; baseline 0.007 -28"><span class='ocrx_word' id='word_1_246' title='bbox 51 3899 177 3969; x_wconf 88' lang='lat' dir='ltr'><strong>lentiam</strong></span> <span class='ocrx_word' id='word_1_247' title='bbox 191 3903 393 3971; x_wconf 78' lang='lat' dir='ltr'><strong>sustinerent</strong></span> <span class='ocrx_word' id='word_1_248' title='bbox 415 3903 558 3970; x_wconf 80' lang='lat' dir='ltr'><strong>consulta</strong></span> <span class='ocrx_word' id='word_1_249' title='bbox 577 3904 705 3970; x_wconf 85' lang='lat' dir='ltr'><strong>oracula</strong></span> <span class='ocrx_word' id='word_1_250' title='bbox 726 3905 887 3984; x_wconf 80' lang='lat' dir='ltr'><strong>dixerunt,</strong></span> <span class='ocrx_word' id='word_1_251' title='bbox 908 3908 1186 3995; x_wconf 78' lang='lat' dir='ltr'><strong>Agamemnonio</strong></span> 
     </span>
     <span class='ocr_line' id='line_1_35' title="bbox 49 3986 1185 4095; baseline 0.01 -45"><span class='ocrx_word' id='word_1_252' title='bbox 49 3987 228 4075; x_wconf 80' lang='lat' dir='ltr'><strong>sanguine</strong></span> <span class='ocrx_word' id='word_1_253' title='bbox 244 3986 459 4073; x_wconf 81' lang='lat' dir='ltr'><strong>placandam</strong></span> <span class='ocrx_word' id='word_1_254' title='bbox 480 4010 553 4052; x_wconf 85' lang='lat' dir='ltr'><strong>esse</strong></span> <span class='ocrx_word' id='word_1_255' title='bbox 573 3986 740 4055; x_wconf 86' lang='lat' dir='ltr'><strong>Dianam.</strong></span> <span class='ocrx_word' id='word_1_256' title='bbox 789 3991 883 4077; x_wconf 84' lang='lat' dir='ltr'><strong>Ergo</strong></span> <span class='ocrx_word' id='word_1_257' title='bbox 902 4013 999 4095; x_wconf 69' lang='lat' dir='ltr'><strong>quum</strong></span> <span class='ocrx_word' id='word_1_258' title='bbox 1020 3997 1061 4059; x_wconf 89' lang='lat' dir='ltr'><strong>ab</strong></span> <span class='ocrx_word' id='word_1_259' title='bbox 1083 3995 1185 4074; x_wconf 86' lang='lat' dir='ltr'><strong>Ulixe,</strong></span> 
     </span>
    </p>

    <p class='ocr_par' dir='ltr' id='par_1_10' title="bbox 46 4071 1220 4676">
     <span class='ocr_line' id='line_1_36' title="bbox 71 4071 1184 4175; baseline 0.009 -39"><span class='ocrx_word' id='word_1_260' title='bbox 71 4072 104 4136; x_wconf 92' lang='lat' dir='ltr'><strong>ui</strong></span> <span class='ocrx_word' id='word_1_261' title='bbox 129 4084 203 4139; x_wconf 86' lang='lat' dir='ltr'><strong>erat</strong></span> <span class='ocrx_word' id='word_1_262' title='bbox 227 4071 456 4150; x_wconf 84' lang='lat' dir='ltr'><strong>astutissimus,</strong></span> <span class='ocrx_word' id='word_1_263' title='bbox 491 4092 548 4160; x_wconf 87' lang='lat' dir='ltr'><strong>per</strong></span> <span class='ocrx_word' id='word_1_264' title='bbox 580 4075 757 4175; x_wconf 86' lang='lat' dir='ltr'><strong>nuptiarum</strong></span> <span class='ocrx_word' id='word_1_265' title='bbox 785 4075 1013 4143; x_wconf 78' lang='lat' dir='ltr'><strong>simulationem</strong></span> <span class='ocrx_word' id='word_1_266' title='bbox 1045 4079 1184 4146; x_wconf 85' lang='lat' dir='ltr'><strong>abducta</strong></span> 
     </span>
     <span class='ocr_line' id='line_1_37' title="bbox 48 4094 1182 4248; baseline 0.005 -25"><span class='ocrx_word' id='word_1_267' title='bbox 48 4094 233 4244; x_wconf 63' lang='lat' dir='ltr'><strong>iphigenia,</strong></span> <span class='ocrx_word' id='word_1_268' title='bbox 254 4157 501 4244; x_wconf 78' lang='lat' dir='ltr'><strong>Agamemnonis</strong></span> <span class='ocrx_word' id='word_1_269' title='bbox 520 4157 601 4235; x_wconf 88' lang='lat' dir='ltr'><strong>filia,</strong></span> <span class='ocrx_word' id='word_1_270' title='bbox 627 4182 689 4248; x_wconf 71' lang='lat' dir='ltr'><strong>jam</strong></span> <span class='ocrx_word' id='word_1_271' title='bbox 712 4160 900 4228; x_wconf 87' lang='lat' dir='ltr'><strong>immolanda</strong></span> <span class='ocrx_word' id='word_1_272' title='bbox 919 4174 1021 4237; x_wconf 88' lang='lat' dir='ltr'><strong>esset,</strong></span> <span class='ocrx_word' id='word_1_273' title='bbox 1049 4165 1182 4230; x_wconf 92' lang='lat' dir='ltr'><strong>numinis</strong></span> 
     </span>
     <span class='ocr_line' id='line_1_38' title="bbox 48 4242 1220 4333; baseline 0.008 -27"><span class='ocrx_word' id='word_1_274' title='bbox 48 4242 251 4311; x_wconf 86' lang='lat' dir='ltr'><strong>miseratione</strong></span> <span class='ocrx_word' id='word_1_275' title='bbox 278 4243 403 4310; x_wconf 85' lang='lat' dir='ltr'><strong>sublata</strong></span> <span class='ocrx_word' id='word_1_276' title='bbox 428 4255 492 4322; x_wconf 88' lang='lat' dir='ltr'><strong>est,</strong></span> <span class='ocrx_word' id='word_1_277' title='bbox 525 4255 558 4310; x_wconf 89' lang='lat' dir='ltr'><strong>et</strong></span> <span class='ocrx_word' id='word_1_278' title='bbox 584 4266 678 4310; x_wconf 83' lang='lat' dir='ltr'><strong>cerva</strong></span> <span class='ocrx_word' id='word_1_279' title='bbox 699 4247 879 4333; x_wconf 86' lang='lat' dir='ltr'><strong>supposita,</strong></span> <span class='ocrx_word' id='word_1_280' title='bbox 910 4259 945 4316; x_wconf 87' lang='lat' dir='ltr'><strong>et</strong></span> <span class='ocrx_word' id='word_1_281' title='bbox 965 4249 1114 4315; x_wconf 90' lang='lat' dir='ltr'><strong>translata</strong></span> <span class='ocrx_word' id='word_1_282' title='bbox 1135 4251 1220 4315; x_wconf 72' lang='lat' dir='ltr'><strong>adso</strong></span> 
     </span>
     <span class='ocr_line' id='line_1_39' title="bbox 47 4326 1181 4419; baseline 0.006 -27"><span class='ocrx_word' id='word_1_283' title='bbox 47 4326 220 4396; x_wconf 83' lang='lat' dir='ltr'><strong>&#39;Panrioam</strong></span> <span class='ocrx_word' id='word_1_284' title='bbox 247 4327 431 4415; x_wconf 77' lang='lat' dir='ltr'><strong>regionem,</strong></span> <span class='ocrx_word' id='word_1_285' title='bbox 462 4327 534 4416; x_wconf 77' lang='lat' dir='ltr'><strong>regi</strong></span> <span class='ocrx_word' id='word_1_286' title='bbox 559 4327 700 4398; x_wconf 78' lang='lat' dir='ltr'><strong>Thoanti</strong></span> <span class='ocrx_word' id='word_1_287' title='bbox 728 4331 843 4399; x_wconf 87' lang='lat' dir='ltr'><strong>tradita</strong></span> <span class='ocrx_word' id='word_1_288' title='bbox 869 4344 935 4411; x_wconf 90' lang='lat' dir='ltr'><strong>est,</strong></span> <span class='ocrx_word' id='word_1_289' title='bbox 967 4333 1181 4419; x_wconf 83' lang='lat' dir='ltr'><strong>sacerdosque</strong></span> 
     </span>
     <span class='ocr_line' id='line_1_40' title="bbox 48 4408 1180 4506; baseline 0.007 -30"><span class='ocrx_word' id='word_1_290' title='bbox 48 4412 131 4481; x_wconf 79' lang='lat' dir='ltr'><strong>iacta</strong></span> <span class='ocrx_word' id='word_1_291' title='bbox 157 4415 343 4503; x_wconf 76' lang='lat' dir='ltr'><strong>Dictynnae</strong></span> <span class='ocrx_word' id='word_1_292' title='bbox 368 4408 501 4479; x_wconf 78' lang='lat' dir='ltr'><strong>lliame.</strong></span> <span class='ocrx_word' id='word_1_293' title='bbox 552 4416 789 4500; x_wconf 83' lang='lat' dir='ltr'><strong>Agamemnone</strong></span> <span class='ocrx_word' id='word_1_294' title='bbox 815 4429 920 4484; x_wconf 88' lang='lat' dir='ltr'><strong>autem</strong></span> <span class='ocrx_word' id='word_1_295' title='bbox 949 4416 1049 4506; x_wconf 82' lang='lat' dir='ltr'><strong>&#39;Proja</strong></span> <span class='ocrx_word' id='word_1_296' title='bbox 1074 4441 1180 4484; x_wconf 73' lang='lat' dir='ltr'><strong>rever-</strong></span> 
     </span>
     <span class='ocr_line' id='line_1_41' title="bbox 47 4497 1181 4591; baseline 0.008 -30"><span class='ocrx_word' id='word_1_297' title='bbox 47 4510 149 4579; x_wconf 80' lang='lat' dir='ltr'><strong>sente,</strong></span> <span class='ocrx_word' id='word_1_298' title='bbox 178 4498 418 4589; x_wconf 77' lang='lat' dir='ltr'><strong>clytemnestra</strong></span> <span class='ocrx_word' id='word_1_299' title='bbox 444 4518 525 4565; x_wconf 84' lang='lat' dir='ltr'><strong>uxor</strong></span> <span class='ocrx_word' id='word_1_300' title='bbox 544 4497 612 4588; x_wconf 82' lang='lat' dir='ltr'><strong>ujus</strong></span> <span class='ocrx_word' id='word_1_301' title='bbox 639 4501 753 4569; x_wconf 91' lang='lat' dir='ltr'><strong>obtulit</strong></span> <span class='ocrx_word' id='word_1_302' title='bbox 780 4502 810 4568; x_wconf 89' lang='lat' dir='ltr'><strong>ei</strong></span> <span class='ocrx_word' id='word_1_303' title='bbox 831 4514 948 4568; x_wconf 86' lang='lat' dir='ltr'><strong>vestem</strong></span> <span class='ocrx_word' id='word_1_304' title='bbox 971 4501 1039 4567; x_wconf 88' lang='lat' dir='ltr'><strong>sino</strong></span> <span class='ocrx_word' id='word_1_305' title='bbox 1058 4505 1181 4591; x_wconf 86' lang='lat' dir='ltr'><strong>capitio.</strong></span> 
     </span>
     <span class='ocr_line' id='line_1_42' title="bbox 46 4582 1181 4676; baseline 0 -20"><span class='ocrx_word' id='word_1_306' title='bbox 46 4582 148 4656; x_wconf 70' lang='grc'><strong>0111111</strong></span> <span class='ocrx_word' id='word_1_307' title='bbox 169 4604 274 4676; x_wconf 83' lang='lat' dir='ltr'><strong>quum</strong></span> <span class='ocrx_word' id='word_1_308' title='bbox 292 4582 427 4652; x_wconf 81' lang='lat' dir='ltr'><strong>iuduere</strong></span> <span class='ocrx_word' id='word_1_309' title='bbox 453 4582 563 4666; x_wconf 80' lang='lat' dir='ltr'><strong>uellet,</strong></span> <span class='ocrx_word' id='word_1_310' title='bbox 593 4596 626 4651; x_wconf 91' lang='lat' dir='ltr'><strong>et</strong></span> <span class='ocrx_word' id='word_1_311' title='bbox 651 4587 799 4675; x_wconf 87' lang='lat' dir='ltr'><strong>capitium</strong></span> <span class='ocrx_word' id='word_1_312' title='bbox 821 4609 883 4653; x_wconf 94' lang='lat' dir='ltr'><strong>nou</strong></span> <span class='ocrx_word' id='word_1_313' title='bbox 904 4587 1042 4653; x_wconf 83' lang='lat' dir='ltr'><strong>invenire</strong></span> <span class='ocrx_word' id='word_1_314' title='bbox 1061 4603 1181 4675; x_wconf 85' lang='lat' dir='ltr'><strong>posset,</strong></span> 
     </span>
    </p>
   </div>
   <div class='ocr_carea' id='block_1_7' title="bbox 0 0 1324 5130">
    <p class='ocr_par' dir='ltr' id='par_1_11' title="bbox 0 0 1324 5130">
     <span class='ocr_line' id='line_1_43' title="bbox 0 0 1324 5130; baseline 0 6"><span class='ocrx_word' id='word_1_315' title='bbox 0 0 1324 5130; x_wconf 95' lang='lat' dir='ltr'><strong> </strong></span> 
     </span>
    </p>
   </div>
  </div>
 </body>
</html>
