2640 5130
337 622 517 729 munga
543 625 614 701 111.
674 625 711 703 r.
765 625 904 702 a-s.
1111 626 1190 703 sss

61 807 100 875 ln
122 807 247 900 magnis
267 829 366 898 ergo,
391 822 425 877 ut
446 810 491 878 ait
510 810 693 898 Remigius,
723 807 977 899 dispositionibus
999 811 1088 898 quasi
1107 834 1190 880 mas·

62 894 166 961 culmo
188 895 320 962 effertur
339 917 478 982 genem
497 896 528 962 in
547 898 717 964 minoribus
739 919 814 963 sero
837 895 1018 962 femininum
1035 895 1189 984 quodam-

62 980 159 1046 modo
182 1001 298 1047 nomeu
326 982 450 1069 accipit
493 982 568 1049 Sive
590 984 632 1048 ab
652 981 787 1068 agendo
809 979 902 1073 juxta
922 981 1084 1056 Servium,
1112 983 1189 1049 Sto·

60 1063 184 1133 icorom
205 1065 324 1153 dogma
344 1065 537 1148 tradentem,
570 1090 638 1134 ruas
659 1067 790 1146 dicitur;
824 1065 940 1132 semina
968 1089 1058 1144 vero,
1089 1089 1186 1155 quum

59 1149 223 1236 potiendi
242 1155 359 1240 poetae
378 1153 406 1217 ei
428 1150 505 1220 dant
524 1164 677 1221 naturam.
727 1150 822 1218 Unde
849 1162 914 1219 est:
951 1151 1117 1241 Conjugs's
1145 1155 1210 1216 ino

57 1233 235 1320 gremium
255 1235 371 1300 laetae
389 1234 578 1302 deseendit.
624 1234 830 1305 anseribus
860 1247 966 1304 autem
990 1235 1081 1325 juxta
1108 1258 1187 1304 euu-

61 1316 136 1385 dem
166 1330 313 1397 vocatur,
351 1332 389 1388 ut
406 1322 446 1388 Jo
470 1321 551 1410 piter
573 1322 708 1412 juvans
733 1330 857 1409 poter3
887 1321 1081 1402 Mercurius,
1112 1322 1187 1425 quia

59 1401 232 1468 mercibus
252 1416 393 1494 praeest:
422 1406 562 1473 Libera
588 1403 749 1471 libertate
777 1403 863 1474 data.
903 1406 949 1474 Et
968 1407 1071 1473 Varro
1098 1405 1186 1486 dicit,

60 1488 135 1575 quia
156 1510 253 1575 quum
273 1512 353 1557 unus
373 1488 520 1580 idemque
539 1492 581 1561 sit
602 1490 712 1569 bomo,
745 1511 765 1555 a
790 1512 927 1579 corpore
953 1502 1057 1559 tamen
1078 1491 1184 1579 homo,
1271 1551 1284 1574 ,

62 1575 104 1636 ab
135 1573 236 1640 anima
267 1577 391 1664 sapiens
415 1575 562 1660 'dicitur;
603 1577 647 1644 ita
675 1597 756 1663 ergo
785 1586 818 1642 ct
846 1576 943 1657 dens,
978 1599 1075 1666 quum
1102 1590 1226 1644 unuslc

61 1657 212 1745 idemque
232 1658 289 1734 sit,
319 1658 423 1729 multis
441 1673 545 1731 tamen
567 1684 624 1753 pro
647 1660 888 1752 dispensationis
907 1683 985 1729 suae
1005 1662 1185 1734 diversitate

59 1755 212 1810 censetur
233 1745 401 1815 vocubulis.

146 1854 243 1922 Nunc
267 1869 373 1926 autem
393 1855 542 1948 deinceps
569 1855 764 1948 inexplicitos
785 1856 903 1944 aliquot
922 1858 1115 1946 antiquitatis
1134 1880 1185 1925 re-

60 1939 221 2008 solvamus
243 1962 383 2021 errores,
418 1943 519 2033 iisque
545 1943 573 2011 si
601 1966 664 2011 non
683 1944 787 2009 lucem
812 1941 981 2009 infundere
1007 1966 1186 2033 possumus,

59 2025 182 2111 aliquas
210 2037 317 2094 tamen
343 2029 542 2115 ignorantiae
569 2029 698 2097 nebulas
723 2026 877 2118 majorum
896 2026 1026 2117 flagello
1045 2030 1226 2099 auctori-ro

59 2122 163 2179 tatum
181 2109 377 2200 aliquatenus
396 2114 619 2184 dmoreamus.

455 2330 492 2406 l.
546 2330 789 2406 Saturnus.

149 2454 180 2521 l.
221 2455 361 2523 Primum
382 2454 516 2526 deorum
537 2460 709 2528 Saturnum
729 2466 860 2547 ponunt.
902 2454 999 2524 Hunc
1019 2468 1184 2536 maestum,

62 2560 198 2691 {iffi
222 2565 356 2694 ἶῖῗῖηἱ
382 2544 985 2697 tttslttntd‘tttt‘ltm
1006 2542 1227 2697 litiis„

62 2712 159 2776 etiam
189 2710 449 2791 flammivomum,
481 2715 535 2802 qui
563 2680 686 2783 dandae
718 2654 799 2783 squae
826 2712 935 2780 ultima
963 2677 1113 2792 devorat,
1151 2716 1184 2781 lu

62 2792 175 2862 dextra
198 2807 372 2877 tenentur,
398 2797 559 2867 inducunt
601 2801 654 2867 De
674 2799 728 2869 ‚bis
755 2798 868 2868 diversi
890 2798 1036 2867 nonnulla
1061 2798 1186 2881 eadem,

63 2879 169 2968 aliqua
190 2893 296 2948 tamen
319 2883 442 2952 diversa
461 2886 608 2954 sentiunt

147 2994 178 3058 2
224 2993 364 3063 Historia
385 2996 511 3084 quidem
530 2997 643 3078 babet,
672 2997 847 3064 Saturnum
876 3004 998 3084 putrem
1018 3002 1053 3060 et
1071 2992 1184 3060 Jorem

63 3075 162 3142 tilium
183 3098 286 3165 regna
305 3080 449 3149 increta
469 3083 649 3151 obtinuisse.
688 3082 775 3149 Inter
794 3102 875 3169 quos
888 3078 969 3146 bello
985 3089 1066 3180 orto,
1078 3100 1227 3180 quum„

62 3163 289 3316 “33:2¹⁰‘'tt
307 3166 469 3318 itti*
494 3167 796 3323 ltttffltit‘t‘tffl
813 3163 1186 3317 dissiluit?

62 3270 255 3433 {arundel
271 3334 358 3406 tstcts
379 3336 557 3418 docursset‚
575 3305 618 3405 ’in
649 3275 776 3426 paitsm’
796 3273 846 3403 cit
871 3328 1026 3401 admissus
1052 3331 1185 3419 imperii.
1214 3358 1218 3365 ·

62 3418 187 3519 ubique
207 3419 359 3509 oppidum
380 3422 465 3492 lecit.
506 3425 572 3491 Hic
597 3426 705 3511 itaque
747 3422 780 3488 in
806 3416 999 3515 agricultura
1033 3438 1185 3504 magnum

63 3503 251 3591 smpendeus
272 3508 474 3590 exercitium,
494 3521 529 3577 et
546 3532 604 3597 per
624 3528 769 3576 annonae
788 3528 845 3595 pra
948 3501 1064 3569 tionem
1085 3501 1126 3567 ad
1148 3525 1229 3577 seso

63 3589 199 3678 populos
219 3590 399 3675 attrahens,
427 3612 447 3661 a
467 3594 659 3661 saturando
683 3593 839 3660 Saturnus
847 3509 972 3689 Ἅι
993 3585 1152 3675 appellari.

147 3701 179 3769 3.
221 3703 320 3769 Hunc
340 3727 422 3794 ergo
440 3717 611 3773 maestum
632 3705 749 3793 ubique
772 3686 955 3771 describtint
974 3704 1106 3789 politae,
1136 3711 1187 3768 ut-

63 3797 142 3873 pote
164 3785 247 3855 bello
268 3789 399 3873 rictum,
431 3803 464 3857 et
487 3814 506 3858 a
536 3814 638 3880 regno
663 3791 814 3858 violenter
842 3800 1013 3855 extrusum.
1060 3785 1188 3852 Matlre-

64 3872 171 3940 matici
191 3884 296 3941 mmeu
318 3897 385 3942 rem
406 3876 546 3945 subtilius
569 3876 824 3965 contemplantes,
844 3870 918 3940 ideo
940 3894 1011 3937 eum
1032 3883 1185 3938 maestum

65 3954 195 4035 dicum,
215 3960 292 4047 quia
311 3960 400 4029 stella
421 3962 559 4030 Saturno
583 3961 734 4051 deputata
755 3974 827 4028 ortu
847 3982 907 4026 suo
927 3956 1081 4024 tristitiam
1102 3974 1229 4025 scm-tu

64 4063 125 4129 per
143 4040 316 4113 denuntiat.
365 4045 422 4114 Illa
447 4048 580 4114 enimin
602 4048 789 4136 capricorno
810 4045 931 4136 posita,
971 4041 1090 4132 pluvias
1111 4062 1188 4128 gra-

65 4127 226 4209 vissimas,
259 4129 319 4197 sod
347 4131 519 4220 praecipua
549 4134 581 4199 in
611 4132 721 4213 ltalia,
751 4141 937 4199 commoret.
995 4125 1088 4193 Unde
1121 4136 1188 4191 est:

66 4211 136 4278 Seu
156 4224 331 4303 tyrannus
356 4216 548 4303 Hesperiae
576 4218 800 4306 capricornus
830 4214 955 4280 undae.
996 4211 1034 4277 Iu
1063 4210 1188 4299 scorpio

66 4297 354 4450 ruris
484 4298 598 4454 ‘rell
626 4302 718 4455 tls
741 4301 884 4455 fer
916 4295 1187 4447 ‘tritten

67 4486 153 4548 esse,
181 4406 369 4557 quidasidlrcs
388 4400 691 4572 aejuaspllirdistiimum
720 4409 767 4541 iil„
796 4407 925 4546 eguinum
954 4467 1036 4530 enim
1065 4408 1230 4532 cetoro-⁴⁰

68 4570 135 4617 rum
153 4552 351 4642 planetarum
374 4555 452 4624 alnus
473 4580 531 4646 per
552 4582 707 4640 mensem,
736 4572 772 4626 ut
793 4556 885 4631 lona,
915 4551 963 4617 alii
985 4572 1042 4638 per
1064 4572 1189 4625 antrum,

67 4648 102 4702 ut
121 4638 318 4722 Mercurius,
350 4641 474 4726 Venus,
503 4643 578 4725 8013·
613 4646 699 4712 ullus.
721 4666 779 4734 per
816 4639 991 4711 biennium,
1027 4646 1062 4702 ut
1086 4636 1190 4713 illarst
