2640 5130
161 569 240 651 ua
434 520 717 673 nyaogrssur.
770 569 811 647 o.
865 571 1010 651 s-s.

247 752 392 822 Centum
411 762 533 818 errant
553 775 673 833 aanor,
688 753 903 845 volitantque
923 757 1007 824 baec
1026 755 1134 824 litora
1147 760 1294 827 circum.

164 837 260 918 Quod
282 860 357 904 rero
378 836 420 904 do
443 836 548 927 Styga
567 837 702 924 legitur:

247 922 301 991 Di
317 919 417 1004 cujus
436 921 564 1008 jurare
592 922 716 987 timent
748 930 783 987 et
802 918 939 1024 fallere
966 926 1096 990 numen'
1115 959 1157 976 -

139 1026 143 1031 “
164 1007 339 1078 secundum
351 1003 556 1074 iabulasideo
568 1017 627 1085 est,
653 1002 739 1093 quod
750 1003 865 1074 dicitnr
875 1007 1026 1091 Victoria,
1044 1009 1155 1099 Stygis
1165 1010 1242 1090 filia,
1258 1014 1291 1078 in

140 1095 247 1163 abello
281 1093 457 1180 Gigantum
482 1091 553 1157 lori
590 1091 720 1171 serime3
756 1112 815 1178 pro
844 1093 934 1183 cujus
961 1096 1005 1161 rei
1036 1098 1294 1164 remuneratione

164 1180 314 1269 luppiter
343 1177 372 1242 ei
401 1176 528 1254 tribuit,
557 1187 594 1242 ut
621 1197 680 1264 per
711 1174 780 1264 ejus
805 1189 941 1246 matrem
956 1177 998 1246 dii
1017 1178 1161 1282 jurantes
1182 1181 1294 1250 fallere

166 1288 229 1330 non
249 1263 405 1339 audeant,
438 1259 498 1326 bac
517 1282 622 1348 poena
642 1263 830 1335 constituta,
856 1274 892 1330 ut
919 1265 946 1332 si
974 1288 1044 1354 qius
1074 1265 1142 1354 ejus
1173 1289 1292 1334 nomen

166 1349 343 1428 selellisset,
377 1366 441 1411 nno
472 1367 554 1411 auno
581 1357 614 1412 et
634 1345 682 1412 IX
703 1343 814 1413 diebus
835 1349 1011 1416 ambrosiae
1031 1362 1163 1422 nactare
1183 1354 1291 1442 probi-

164 1436 314 1507 berctur,
346 1429 417 1497 Ros
438 1442 545 1497 autem
562 1430 714 1498 tantillum
731 1441 787 1498 est.
825 1433 904 1523 Styx
925 1457 1103 1503 maerorem
1121 1437 1293 1540 significat

125 1519 261 1587 rellicta
285 1525 334 1583 est
355 1514 437 1581 enim
459 1536 479 1582 a
499 1518 639 1603 ornys'n,
667 1515 770 1583 idest
792 1539 812 1582 a
833 1520 996 1586 tristitia.
1036 1521 1090 1586 Dii
1113 1545 1196 1589 emm
1218 1525 1293 1591 laeti

164 1616 238 1672 sunt
254 1622 399 1691 semper,
429 1597 514 1685 unde
544 1612 578 1682 et
605 1600 795 1667 immortales
822 1624 915 1682 sane,
951 1604 1004 1693 qui
1029 1628 1209 1674 maerorem
1230 1633 1294 1675 non

164 1687 319 1768 sentiunt,
346 1706 405 1774 per
431 1707 499 1751 rem
519 1696 751 1753 naturaesuae
772 1688 960 1756 contrariam
975 1690 1107 1792 jurant3
1139 1692 1216 1759 ideo
1246 1696 1295 1786 ju-

164 1772 341 1841 ramentum
369 1791 427 1860 per
455 1770 685 1838 execrationem
712 1771 838 1839 babent
878 1772 962 1841 Nam
977 1776 1201 1865 jusjurandum
1221 1804 1293 1869 pro-

164 1859 251 1948 prie,
278 1856 338 1924 diis
364 1852 511 1922 alicunde
530 1857 663 1924 testibus
688 1856 856 1939 invocatis,
886 1881 1038 1948 prospera
1061 1875 1191 1950 optare,
1219 1888 1294 1933 ene-

126 1945 265 2013 rtcratio
293 1963 369 2027 vero
397 1939 531 2008 adversa
559 1940 736 2030 deposcere
764 1953 822 2010 est
865 1943 962 2019 Quod
993 1957 1100 2013 autem
1130 1949 1295 2019 Victoriae

165 2041 269 2098 mater
287 2028 386 2118 styx,
405 2024 439 2092 id
461 2036 511 2093 est
530 2025 683 2092 tristitia
704 2025 790 2094 dicta
810 2028 867 2111 sit,
890 2032 932 2096 ob
954 2029 1015 2097 boc
1032 2033 1144 2101 fictum
1158 2034 1294 2115 videtin,

80 2182 83 2187 ,
143 2115 253 2205 'quod
278 2114 310 2180 in
338 2110 561 2179 certaminibus
588 2110 788 2198 diligentiore
817 2115 1004 2204 magisque,
1039 2130 1075 2186 ut
1102 2119 1151 2185 ita
1177 2118 1293 2202 dicam,

167 2201 259 2267 anxia
289 2192 499 2265 sollicitudine
532 2193 686 2277 adhibita,
720 2197 864 2267 vincendi
897 2201 978 2269 ratio
1000 2203 1203 2290 praesentior
1235 2220 1295 2288 est,

166 2285 239 2374 quia
259 2284 300 2350 ab
317 2304 353 2348 re
373 2303 434 2348 nec
455 2280 518 2345 boc
537 2279 670 2347 alienum
691 2293 749 2349 est

124 2391 162 2440 no
242 2368 341 2436 Dum
360 2389 427 2430 nou
449 2364 543 2429 taeta
557 2363 654 2450 suit,
680 2365 827 2454 clelenrc
854 2377 906 2432 est
926 2368 1011 2435 Ilios
1030 2370 1164 2450 armis,-

322 2445 500 2516 Militibus
518 2449 708 2535 gravidum
729 2451 824 2516 lueto
844 2453 974 2540 recepit
993 2476 1122 2542 equum.
1215 2512 1220 2525 ,

165 2536 292 2605 Dicitur
311 2546 416 2604 tamen
439 2531 552 2599 eadem
574 2534 655 2623 Styx
675 2534 809 2602 deornm
828 2547 861 2602 et
881 2537 984 2605 nutrix
1005 2551 1038 2605 et
1058 2537 1195 2628 hospita,
1241 2539 1292 2605 nia

166 2621 211 2688 dii
239 2621 282 2687 de
310 2618 402 2706 terris
430 2618 752 2719 perpurgatiouem,
779 2643 884 2710 ¹quarn
912 2624 992 2712 Styx
1020 2624 1106 2712 apud
1136 2647 1218 2714 quos

166 2706 338 2797 theologos
359 2703 534 2790 sigmficat,
565 2702 703 2771 caeleste
724 2708 915 2774 consortium
935 2721 1127 2776 meruerunt

124 2795 161 2845 2⁶
250 2793 281 2860 4.
322 2786 524 2875 Phlegethon
548 2810 567 2854 a
588 2782 688 2888 φλόξ,
708 2787 741 2854 id
769 2803 818 2857 est
830 2791 982 2881 flamma
1004 2794 1107 2861 dictus
1130 2805 1188 2861 est
1231 2796 1294 2861 Est

101 2924 105 2937 .
166 2875 250 2943 enirn
279 2886 365 2944 totus
385 2872 499 2976 igneus
521 2874 661 2940 ambiens
690 2873 864 2955 infernum,
891 2876 1023 2946 ardores
1042 2879 1161 2945 irarum
1182 2890 1215 2945 et
1237 2902 1295 2945 cu·-

187 2960 349 3040 iditatum‚
368 2960 482 3047 quibus
502 2956 629 3025 humani
655 2958 873 3026 accenduntur
893 2962 1003 3042 animi,
1035 2964 1174 3051 figurate
1193 2964 1294 3051 signi-

165 2986 274 3117 ticsns
317 3045 413 3113 Hunc
432 3054 539 3110 tamen
559 3043 613 3132 qui
634 3041 725 3110 altius
748 3046 890 3136 sapuisse
912 3047 1073 3129 videntur,
1100 3048 1193 3139 hujus
1212 3050 1294 3115 inle-

166 3134 258 3201 rioris
278 3130 360 3203 sirit
394 3139 541 3213 naturam
568 3126 729 3196 turbidam
761 3143 794 3198 et
816 3133 1031 3220 corpulentam
1057 3136 1199 3220 figurare
1222 3156 1295 3238 per·

125 3220 293 3302 ³⁰bibent,
329 3232 413 3303 quae
451 3212 596 3281 videlicet
633 3227 784 3283 concreta
816 3232 864 3284 est
893 3217 970 3306 igne
1005 3218 1047 3284 de
1079 3220 1294 3307 superioribus

167 3316 291 3387 tracto,
322 3315 356 3368 et
376 3320 459 3388 aqua
479 3297 522 3365 de
542 3298 741 3368 inferioribus
768 3301 899 3380 bansta,
934 3328 972 3370 ex
1001 3305 1114 3392 quibus
1140 3311 1196 3369 aer
1216 3305 1305 3371 den-¹

166 3389 323 3458 nescit-et
341 3386 550 3468 incrassatur,
581 3383 698 3472 inquo
720 3389 915 3473 peccatrices
938 3389 1060 3456 sobnae
1083 3390 1215 3476 purgari
1237 3414 1295 3492 pn-

167 3486 282 3543 tantur.
321 3468 469 3537 Eundem
491 3468 758 3557 Phlegethontem
780 3472 934 3551 nonnulli,
962 3474 1016 3562 qui
1043 3496 1062 3539 a
1085 3475 1173 3540 caelo
1198 3476 1295 3540 inler-

168 3584 243 3626 num
270 3556 330 3623 inci
355 3577 410 3621 ere
440 3566 623 3634 autumant,
656 3557 765 3625 Martis
799 3558 948 3626 circulum
982 3559 1109 3636 dicunt,
1146 3560 1229 3625 sicut
1263 3575 1297 3626 et

126 3663 160 3708 ao
169 3667 298 3731 campos
348 3641 454 3731 lysios,
475 3663 554 3791 Quos
572 3640 657 3728 apud
680 3642 798 3712 inferos
821 3644 926 3710 sabula
949 3645 1120 3721 constituit,
1143 3644 1296 3711 circulum

166 3730 253 3795 lovis
274 3749 344 3794 csse
365 3739 479 3793 conten
505 3737 568 3792 unt
610 3726 666 3792 dlii
687 3739 809 3809 tamen,
836 3743 871 3797 ut
892 3730 936 3795 ait
958 3729 1105 3807 Servius,
1134 3728 1165 3792 in
1187 3730 1295 3796 insulis

168 3813 334 3881 touunstis
353 3810 479 3901 Elysios
501 3834 571 3878 esse
593 3811 746 3896 credunt;
777 3808 872 3889 λύσις
901 3827 1005 3880 nutem
1031 3811 1196 3876 resolutio
1218 3814 1295 3879 dici-

168 3915 235 3978 tur,
269 3893 356 3986 quod
387 3894 530 3964 videlicet
559 3895 620 3963 illic
647 3900 786 3980 animae,
819 3899 949 3966 maculis
989 3898 1094 3964 carnis
1128 3900 1297 3975 resolutae,

169 3982 362 4051 beatitudine
384 3982 503 4067 perfrui
524 3993 682 4070 putantur.
1004 3984 1006 3987 ’

126 4079 162 4129 ro
250 4071 282 4135 5.
322 4067 427 4131 Porro
449 4065 491 4133 de
511 4067 621 4155 poenis
641 4064 843 4133 infernalibus
866 4079 1082 4156 competentes
1102 4064 1208 4134 reddit
1228 4068 1298 4134 Lu·

167 4155 283 4221 cretius
303 4152 460 4233 rationes3
490 4164 523 4219 et
547 4175 630 4240 quae
653 4151 695 4217 de
715 4151 822 4217 inieris
843 4152 1026 4241 finguntur,
1055 4153 1159 4220 omnia
1182 4153 1212 4218 in
1236 4154 1299 4220 rita

167 4251 275 4306 nostra
307 4260 380 4304 esse
412 4238 586 4305 confirmat„
627 4238 715 4304 Dicit
746 4259 898 4326 namque,
933 4239 1082 4327 Tityum,
1120 4236 1298 4306 vulturibus

162 4328 255 4417 jecur
275 4319 454 4389 laniandum
483 4321 626 4400 dantem,
657 4345 799 4389 amorem
830 4346 924 4404 esse,
959 4324 1022 4390 hoc
1049 4331 1098 4388 est
1125 4320 1299 4403 libidinem,

170 4433 252 4498 quac
271 4408 316 4476 ita
337 4406 511 4476 secundnm
540 4408 688 4498 physicos
709 4406 740 4473 in
756 4407 886 4498 jecore,
913 4410 995 4476 sicut
1022 4407 1103 4474 risus
1126 4407 1157 4470 in
1179 4404 1300 4496 splene,

127 4493 331 4568 miracundia
356 4493 389 4579 in
419 4492 491 4558 felle
508 4504 574 4594 hcst
616 4493 712 4561 Unde
744 4506 776 4562 et
800 4494 895 4583 jecur
923 4516 1051 4559 exesum
1081 4489 1247 4558 nvulturc
1267 4493 1300 4559 in

86 4656 88 4660 ,
170 4602 305 4670 poenam
334 4578 458 4647 renasci
486 4575 609 4646 drcitur.
661 4578 789 4648 Etenim
820 4601 856 4647 re
884 4578 980 4647 semel
1007 4588 1152 4667 peracta,
1183 4576 1301 4647 libidini
