2640 5130
178 590 257 668 tna
448 590 631 693 npnogr.
665 592 737 666 111.
790 590 832 667 a.
884 593 1031 671 s-s.

178 771 263 841 unde
282 782 316 840 et
335 770 468 860 Cybebe
489 768 618 849 dieitur,
646 771 682 839 id
702 782 752 840 est
768 773 906 859 gloriae
925 771 1102 867 firmitas.
1144 778 1240 847 Unde
1267 796 1300 848 et

178 863 339 928 Homerus
359 859 419 923 uit:
441 856 507 922 cai
523 856 678 943 gloriam
691 857 855 943 Iuppiter
874 859 1076 929 donaverat.
1117 863 1198 932 Ideo
1220 891 1299 955 quo-

89 937 94 948 '
178 967 242 1034 que
261 965 334 1009 oum
355 939 465 1006 turrita
487 956 606 1006 corona
626 941 783 1028 pingitur,
818 942 906 1029 quod
933 945 1033 1011 omnis
1054 951 1215 1036 potentiae
1237 953 1299 1018 ele-

180 1031 262 1098 vatio
282 1028 315 1093 in
334 1026 438 1113 eapite
457 1023 506 1091 sit.
556 1022 637 1090 Ideo
665 1024 823 1126 multiplici
844 1039 932 1095 veste
964 1029 1065 1116 fulget
1092 1045 1125 1100 et
1156 1035 1299 1104 leonibus

154 1134 308 1184 sennam
335 1110 530 1177 trahentibus
559 1111 676 1190 utitur,
709 1132 783 1198 quia
813 1114 912 1178 omnis
939 1118 1095 1201 potentia,
1128 1131 1160 1187 et
1187 1137 1300 1189 oritana

180 1212 246 1279 est,
280 1207 314 1263 et
342 1195 401 1297 ipsi
429 1195 524 1261 etiam
551 1195 655 1262 virtuti
688 1193 832 1263 donatur.
892 1199 1061 1286 Soeptrum
1093 1202 1172 1282 sert,
1210 1207 1297 1295 quod

178 1278 400 1371 regnavimus
420 1279 581 1345 sitomnis
603 1291 754 1368 potestus.
787 1280 891 1348 Mater
911 1282 1042 1350 deorum
1065 1284 1189 1367 dicitur,
1211 1290 1298 1377 quod

94 1434 105 1451 ,
174 1368 264 1458 opud
284 1365 430 1453 antiquos
453 1364 512 1442 dii,
547 1364 616 1430 sive
634 1364 822 1444 daemones,
856 1367 922 1433 sire
941 1368 1098 1456 indigetes
1120 1395 1140 1436 a
1159 1374 1300 1440 divitiis

178 1466 253 1522 sunt
272 1450 358 1518 dieti.
399 1449 584 1517 Diuitiarum
606 1463 712 1517 autem
734 1461 905 1520 materen
924 1454 1072 1540 potentin
1113 1456 1206 1523 Haeo
1227 1465 1300 1528 Atin

137 1558 313 1628 tepuerunt
333 1533 591 1602 formosissimum
613 1558 738 1602 amasse
755 1535 886 1615 dieitur,
909 1561 1001 1627 quem
1022 1537 1115 1605 nimio
1137 1543 1205 1608 nelo
1224 1568 1300 1610 suc-

177 1645 277 1690 oensa
298 1621 455 1688 metretis
497 1619 589 1707 Ergo
611 1621 750 1708 potentin
771 1620 911 1707 gloriosa
936 1646 1062 1726 semper
1092 1627 1301 1697 maximarum

179 1707 374 1775 familiarium
403 1724 533 1770 suarum
561 1718 594 1771 et
624 1726 732 1772 amore
763 1717 903 1775 torretur
936 1720 969 1777 et
994 1709 1091 1776 livore
1121 1721 1299 1801 torquetur,

178 1795 306 1862 citone
334 1787 485 1868 ametur,
521 1786 607 1877 quod
637 1789 757 1878 diligit,
794 1789 870 1857 dum
903 1803 1008 1860 tamen
1042 1807 1183 1882 amputat
1212 1799 1298 1871 illud,

178 1817 265 1970 quod
297 1876 373 1944 odit.
426 1873 537 1940 Omnis
565 1875 646 1940 enim
676 1896 762 1941 nuno
788 1898 826 1944 us
848 1898 890 1941 ue
916 1879 1059 1965 potentia
1084 1882 1185 1950 nescit
1212 1886 1297 1950 circa

137 1987 254 2040 tosuos
275 1963 456 2030 diuturnum
478 1981 605 2025 servare
626 1962 785 2028 allectum.
824 1899 847 2027 i

177 2049 268 2142 qussi
287 2046 422 2124 Etlwn3
453 2053 536 2121 ἔθος
554 2045 637 2111 enim
658 2047 787 2112 Graece
813 2046 1019 2113 consuetudo
1040 2048 1162 2118 dicitur.
1203 2055 1295 2156 Ergo

176 2147 449 2227 quantuscumque
468 2129 510 2196 sit
527 2151 618 2196 aanor
636 2131 668 2195 in
688 2128 876 2219 potentibus,
896 2133 1014 2199 stabilis
1033 2157 1106 2202 esse
1122 2157 1185 2202 non
1201 2154 1295 2206 nont.

260 2221 291 2285 3.
331 2216 384 2282 De
404 2212 516 2281 eadem
543 2237 619 2281 vero
639 2215 713 2303 0pe
737 2215 894 2304 quaedem
914 2216 1084 2306 Remigius
1104 2220 1297 2292 evidentiora

177 2303 332 2396 proponit
375 2300 425 2368 Ait
444 2299 542 2367 enirn:
572 2300 700 2368 Saturni
728 2300 841 2388 conjux
870 2302 940 2389 Ops
970 2302 1153 2389 grandaevo
1183 2307 1298 2377 dieitur

134 2403 212 2467 anet
232 2385 416 2477 corpulenta
436 2396 549 2464 mater,
567 2386 651 2472 qnod
673 2387 743 2473 ipsa
762 2400 812 2453 est
830 2398 913 2453 terra
931 2389 1067 2455 omnium
1086 2397 1297 2480 procreatum

177 2475 363 2562 corpulenta
403 2467 477 2536 ideo
513 2470 599 2558 quod
636 2469 821 2538 elementum
853 2482 958 2538 terrae
986 2476 1122 2545 crassius
1159 2490 1193 2545 et
1222 2503 1294 2547 eor·

176 2560 332 2650 polemius
354 2569 403 2623 est
424 2556 546 2622 ceteris.
591 2555 718 2622 Vestem
741 2556 837 2624 babet
864 2555 1071 2641 discolorem,
1104 2563 1241 2650 gemmis
1263 2578 1296 2633 et

176 2645 308 2713 metallis
329 2652 481 2706 ornatam.
520 2640 613 2707 Hneo
634 2641 716 2707 enirn
738 2640 956 2709 invisceribus
977 2657 1132 2714 terrarum
1155 2647 1202 2713 vel
1224 2672 1295 2716 are-

178 2732 226 2796 nis
248 2727 454 2812 colliguntur3
475 2722 534 2791 sed
555 2737 589 2793 et
609 2726 794 2814 superficies
812 2739 917 2794 terrae
938 2728 1106 2799 herbarum
1126 2744 1159 2799 et
1180 2736 1295 2802 florum

135 2814 329 2885 sevarietate
351 2809 490 2876 vestitur.
537 2811 631 2876 Haeo
651 2822 685 2878 et
712 2811 834 2900 Cybele
863 2812 952 2899 quasi
980 2815 1101 2881 Gabale
1129 2816 1215 2886 diota
1235 2833 1294 2887 est.

177 2901 282 2966 'l'erra
302 2898 384 2963 enirn
406 2894 478 2960 nibil
505 2908 555 2961 est
572 2895 699 2963 solidius
726 2897 758 2960 in
780 2897 950 2965 elementis.
1002 2901 1130 2968 Cubum
1159 2923 1297 2993 namque

174 2984 324 3050 solidum
355 2979 481 3062 dieunt3
508 2979 598 3045 unde
625 2995 657 3048 et
689 2980 805 3047 solidos
830 3004 978 3048 nurnems
1006 2985 1108 3052 cubos
1137 3010 1296 3057 sonamus.

177 3070 269 3149 Sive,
303 3076 339 3133 ut
371 3063 455 3131 idem
488 3064 569 3143 vult,
611 3068 780 3133 aGraeoo
805 3065 920 3135 dicitur
950 3069 1090 3158 Cybele,
1121 3072 1209 3160 quod
1229 3075 1295 3141 Lu·

176 3156 241 3222 tine
271 3162 364 3220 sonat
393 3149 696 3236 memineramus,
736 3150 810 3238 qrria
837 3151 868 3218 in
889 3153 956 3244 ejus
983 3155 1081 3224 sacris
1109 3157 1295 3229 sacerdotes

133 3241 274 3330 suipsius
295 3235 403 3303 Gallos
424 3235 602 3300 exercuisse
628 3250 884 3303 commemorant.
933 3237 1022 3306 ldern
1047 3241 1089 3307 de
1113 3265 1152 3309 ea
1181 3267 1295 3333 paene,

175 3325 233 3393 sed
256 3321 349 3413 paulo
370 3319 439 3408 plus
471 3320 565 3386 sentit
584 3320 721 3408 Servius„
761 3321 812 3389 Ait
835 3323 934 3390 eninr:
965 3323 1051 3391 Alma
1080 3349 1195 3415 putens
1217 3329 1295 3396 deo-

174 3433 264 3490 rum3
294 3407 409 3474 dieitur
438 3401 527 3471 tellus
548 3403 642 3468 alnao
659 3407 710 3487 ,ab
740 3428 800 3485 eo,
833 3410 919 3494 quod
943 3431 999 3474 nos
1019 3410 1106 3476 olor.
1159 3415 1297 3480 Abusive

174 3509 280 3564 tamen
299 3505 331 3560 et
352 3490 437 3568 aliis,
458 3488 572 3575 inquit,
594 3486 768 3558 numinibus
791 3492 853 3557 hoe
870 3492 1030 3581 epitheton
1049 3492 1169 3565 damus.
1212 3500 1297 3565 'l'er-

176 3590 371 3646 remantem
395 3588 519 3642 constat
541 3586 673 3640 matrem
700 3598 771 3642 esse
796 3576 939 3642 deorum.
995 3579 1089 3645 Unde
1115 3596 1147 3649 et
1168 3583 1295 3651 simula·

132 3688 264 3766 ssorum
286 3664 364 3728 illius
385 3658 574 3759 cumulare
598 3659 747 3760 pingitur.
802 3662 884 3727 Nam
913 3677 1000 3764 terra
1029 3680 1172 3754 tempore
1198 3692 1296 3773 verno

174 3743 685 3906 tttirzntillltltull
707 3746 1149 3922 ,ittlllllltlssit
1167 3765 1296 3907 ”tria

174 3921 256 3985 enim
286 3919 393 3984 feritas
414 3925 574 3979 maternae
606 3914 749 4002 subjacet
769 3916 927 3982 affectioni
949 3932 981 3992 et
999 3919 1027 3984 ei
1049 3922 1219 4010 subjugata
1237 3936 1297 3991 est.

175 4006 282 4072 Curru
302 4001 373 4067 vehi
399 3996 534 4076 dicitur,
563 3996 649 4084 quod
679 4011 763 4064 terra
792 4001 980 4090 impendeat.
1021 4002 1100 4070 Ideo
1124 4010 1297 4076 sustinetur

134 4091 270 4168 sorotis,
310 4087 383 4176 quia
410 4081 545 4149 mundus
574 4095 695 4149 rotatur
726 4096 759 4151 et
784 4087 960 4152 revolubilis
989 4101 1047 4156 est„
1089 4090 1169 4157 Ideo
1191 4094 1295 4183 Cory·

175 4177 304 4253 hames,
336 4170 389 4259 qui
410 4190 482 4233 oum
503 4165 617 4234 strictis
637 4167 811 4254 pinguntur
832 4170 966 4257 gladiis,
994 4171 1063 4241 e'us
1087 4175 1216 4245 luerunt
1237 4179 1295 4245 mi-

174 4261 279 4338 nistri,
309 4270 345 4325 ut
364 4253 576 4340 significetur,
605 4275 715 4335 omnes
736 4276 795 4342 pro
815 4267 900 4322 terra
921 4280 979 4324 sua
1002 4198 1120 4338 debere
1139 4285 1295 4364 pugnare.

173 4344 271 4422 Quod
292 4341 433 4413 turritum
455 4349 563 4423 gestat
594 4358 763 4416 eoronam,
796 4340 950 4421 ostendit,
986 4361 1202 4433 superpositas
1229 4359 1295 4417 ter-

175 4452 324 4497 neeesse
348 4424 504 4497 civitates,
538 4442 618 4508 quus
639 4422 804 4511 insignitas
825 4427 967 4493 turribus
988 4441 1121 4498 constat.

133 4531 168 4582 so
257 4517 286 4580 4.
327 4510 380 4579 De
399 4530 439 4574 eo
460 4517 584 4583 autern,
617 4507 795 4594 quodnam
825 4511 990 4594 amaverit,
1023 4515 1176 4583 tantillum
1196 4513 1296 4586 tradis

175 4599 351 4687 Remigius.
392 4593 477 4677 sus,
509 4590 625 4679 inquit,
649 4591 721 4684 flos
741 4594 982 4686 interpretatur,
1013 4599 1044 4667 in
1074 4601 1295 4689 enjusligura

843 1960 904 2028 deo
926 1975 960 2030 et
970 1965 1041 2031 stin
1057 1963 1119 2031 dici
1135 1969 1298 2036 voluerunt
