2640 5130
233 585 239 596 ’
346 625 534 730 ripum.
563 625 614 700 11.
676 626 765 703 ure.
796 626 937 728 ruo„
1110 629 1186 708 rra

60 812 305 886 innumerabiles
333 825 458 882 meatus
490 812 532 882 ad
558 812 751 901 irrigandam
777 835 866 881 unam
890 815 1080 902 provinciam
1102 818 1186 886 deri-

61 905 161 985 varit,
187 921 325 990 ,suaque
363 920 503 989 expensa
538 900 667 966 avaritia
703 900 831 966 flurium
867 899 1000 969 fertilem
1037 903 1184 973 reddidit.

60 989 151 1090 Alide
178 987 260 1053 enim
289 985 428 1086 Graece·
445 983 535 1087 quasi
561 986 669 1073 μηδὲν
695 981 774 1053 idcir
802 984 933 1068 dicitur,
963 986 998 1052 id
1025 999 1076 1091 ept
1095 991 1187 1093 nihil

58 1096 184 1248 pprosprs.
226 1077 364 1223 Avarust
379 1091 461 1137 enrm
493 1091 526 1136 rn
561 1081 681 1138 tantum
713 1070 826 1139 stultus
853 1083 923 1152 est,
954 1083 991 1140 ut
1012 1085 1107 1142 ettam
1125 1077 1184 1142 srbr

142 1179 215 1226 esse
235 1176 341 1223 nacta
1188 1173 1207 1220 u

145 1323 242 1402 119.
295 1326 533 1400 Certamen
557 1276 760 1422 Neptuni
783 1333 828 1411 et
851 1322 1095 1402 Minervae.

146 1455 255 1530 Quum
274 1454 305 1519 in
326 1449 484 1539 acropoli,
504 1448 696 1519 Athenarum
708 1473 793 1531 arce,
815 1450 983 1542 Neptunus
999 1465 1032 1522 et
1042 1453 1183 1522 Minerva

57 1541 103 1608 de
124 1542 251 1606 nomine
269 1536 461 1606 Athenarum
482 1535 725 1612 contenderent,
745 1536 861 1625 placuit
881 1537 958 1618 diis,
987 1539 1120 1607 utilius
1142 1564 1182 1607 ex

58 1626 188 1692 nominc
208 1623 316 1690 civitas
338 1620 515 1701 diceretur,
542 1620 595 1706 qui
622 1643 733 1688 munus
757 1620 866 1690 melius
887 1623 1069 1692 mortalibus
1089 1628 1182 1694 obtu-

56 1711 157 1778 iism
205 1710 303 1776 Tunc
328 1706 496 1794 Neptunus
519 1727 676 1856 percusso
697 1728 770 1773 cum
790 1707 926 1775 tridente
946 1707 1037 1776 litore
1096 1733 1224 1791 uum,ru

60 1793 177 1863 animal
195 1792 283 1861 hellis
303 1802 427 1881 aptum,
457 1812 516 1881 pro
541 1791 614 1858 uxit.
656 1791 795 1858 Minerva
817 1792 940 1882 jactata
961 1793 1052 1862 hasta
1070 1818 1181 1864 orsam

59 1881 196 1962 σανὶς
251 1900 313 1944 uae
338 1898 391 1943 res
416 1886 466 1944 est
496 1875 605 1943 melior
632 1877 853 1965 comprobata,
884 1890 918 1944 et
944 1879 1029 1966 pacis
1058 1879 1183 1979 insigna

57 1966 177 2033 habita
253 1986 294 2031 ox
326 1961 433 2029 civitas
463 1962 647 2029 Athenae
673 1961 763 2051 quasi
782 1955 961 2050 ἀθανάτη,
990 1962 1024 2029 id
1045 1976 1094 2032 cst
1114 1988 1182 2029 rm-

57 2048 232 2116 mortalis.
274 2048 378 2126 ffinc,
410 2045 484 2133 quia
512 2046 672 2112 Minervae
700 2067 812 2114 munus
838 2047 1009 2135 praelatum
1026 2059 1076 2115 cst
1096 2046 1181 2115 dono

57 2133 216 2223 Neptuni,
243 2154 350 2198 murus
371 2129 470 2197 olivae
491 2131 541 2198 cui
563 2132 711 2205 offertur,
738 2133 891 2199 offerente
912 2132 1223 2223 melioresscju·15

59 2218 195 2287 dicatur.
235 2219 324 2284 Hinc
343 2228 392 2284 est
415 2216 612 2306 prorerhium
635 2216 709 2282 illud
726 2214 866 2287 herbam
887 2217 947 2297 du,
975 2218 1078 2288 idest
1100 2219 1181 2284 cedo

57 2305 231 2371 victoriam.
265 2301 349 2369 Nam
370 2322 466 2390 quum
487 2300 519 2367 in
541 2301 698 2388 agonibus
720 2299 828 2388 aliquis
850 2301 981 2368 herbam
1001 2303 1032 2368 in
1053 2302 1181 2373 modum

56 2389 185 2480 palum
205 2386 262 2455 dat
280 2388 327 2467 ei,
355 2408 427 2453 cum
468 2407 508 2452 uo
530 2408 592 2452 non
615 2399 749 2453 conatur
766 2385 979 2464 contendere,
1007 2408 1080 2454 eum
1103 2390 1182 2457 late-

56 2489 113 2545 tur
139 2471 303 2540 meliorem
330 2493 410 2538 esse.
483 2470 545 2540 ittis
573 2484 678 2539 autem
707 2493 813 2536 ramus
835 2471 934 2538 olivae
956 2471 1119 2560 alligatur,
1146 2489 1181 2539 ut

54 2558 173 2627 inertia
201 2568 258 2625 aut
284 2555 478 2624 imbecillitas
508 2558 668 2623 offerentis
699 2554 893 2634 ostendatur.
934 2557 1059 2624 Scimus
1087 2556 1223 2631 enimse

55 2667 136 2713 ores
154 2643 257 2746 alieno
283 2663 526 2745 surripere-gere
547 2642 669 2743 ³¹3N¹3⁰z
709 2641 836 2727 Equum
854 2651 973 2744 putem,
995 2643 1179 2731 aNeptuno
1207 2646 1209 2651 ’

55 2725 1180 2900 tw:adnihilati,illt”ttt„l'¹tllt”t“t÷tlt5l

55 2897 143 2968 Ideo
159 2908 272 2999 putem
300 2894 468 2985 Neptunus
495 2895 619 2997 dicitur·
637 2917 752 2982 equum
780 2895 951 2978 invenisse,
990 2898 1064 2984 quia
1091 2900 1179 2963 relos

56 2993 418 3168 guncppsqpppmppmeltl
433 2979 1222 3154 ¹ildilddiesdinihoemstdidddesudtJYddqiihscihshiurtehd2⁵

55 3154 182 3222 habere
201 3151 358 3220 dicuutur.

456 3303 548 3379 ruo.
601 3262 790 3382 uranos.

144 3433 266 3538 Minos,
298 3432 386 3501 Joris
411 3443 444 3501 et
468 3431 620 3536 Europae
638 3433 737 3538 lilius,
768 3455 864 3522 quum
886 3431 1120 3537 sacrificaturus
1139 3433 1180 3500 ad

56 3541 134 3673 ,ΜΨ
144 3516 1225 3707 ‚tffltttttt’,lttttl‘ltlts'tlllattollit?

55 3691 124 3758 ruit
143 3689 238 3755 nimio
260 3686 402 3755 candore
421 3688 577 3778 perinsus.
606 3690 710 3763 Quem
732 3711 827 3776 quum
850 3687 1057 3756 admiraretur
1069 3690 1182 3768 Minos,

56 3775 223 3863 religionis
248 3772 380 3851 oblitus,
411 3774 543 3838 artnenti
575 3774 623 3839 sui
651 3773 758 3841 maluit
781 3796 854 3841 esse
881 3772 1062 3850 ductorem:
1093 3776 1183 3865 cujus

59 3862 158 3929 etiarn
179 3857 296 3926 ardore
314 3857 491 3946 Pasiphae,
520 3857 582 3924 filia
602 3858 702 3941 Solia,
732 3881 812 3925 uxor
837 3858 969 3938 Minois,
993 3858 1108 3926 dicitur
1133 3883 1183 3926 ur-

57 3947 150 4014 sisse.
200 3944 304 4031 Igitur
332 3954 507 4010 contemtus
535 3943 680 4032 Juppiter
705 3966 724 4009 a
753 3944 816 4009 filio
847 3945 986 4010 furorem
1011 3956 1104 4012 tauro
1124 3947 1225 4015 ini-aa

58 4031 163 4108 misit,
195 4041 230 4097 ut
260 4028 461 4095 Cretensium
490 4050 552 4093 non
578 4027 678 4094 solum
704 4049 819 4116 agros,
849 4028 905 4094 sed
924 4029 1069 4096 universa
1090 4031 1183 4096 etium

59 4117 186 4183 moenia
215 4125 359 4181 restaret.
400 4114 498 4198 Hunc
519 4113 691 4191 Hercules,
719 4115 830 4182 missus
853 4115 1024 4204 Eurysthei
1042 4117 1183 4205 imperio,

59 4198 237 4290 superarit,
276 4199 454 4302 rictumque
486 4201 591 4286 Argos
618 4220 720 4287 usque
746 4201 901 4288 perduxit.-
953 4202 1056 4274 Quem
1087 4224 1183 4288 qurum

59 4288 113 4353 Eu
152 4284 262 4354 stheus
288 4284 405 4351 Junonr
436 4305 626 4350 consecrare
657 4282 766 4366 veliet,
804 4286 889 4350 luno
926 4306 1024 4351 erosa
1059 4309 1181 4356 munus.

61 4394 126 4460 quo
170 4368 213 4436 ad
234 4368 380 4434 Herculis
400 4366 534 4456 gloriam
554 4369 746 4458 pertinebat,
774 4380 899 4436 taurum
924 4369 956 4435 in
977 4371 1110 4455 Atticum
1131 4392 1226 4456 re-ou

61 4461 190 4544 gionem
203 4453 327 4543 erpulit,
342 4453 393 4520 uhi
405 4478 425 4520 a
437 4466 544 4521 monte
577 4455 624 4521 ’us
636 4454 822 4522 Marathone
832 4454 1025 4522 Maratho
1035 4456 1069 4520 ni
1080 4480 1097 4520 n
1107 4482 1122 4523 s
1134 4471 1183 4524 ert

62 4541 257 4695 ahtedun?
278 4553 524 4713 ‘ppemetpostpa
556 4478 721 4694 '‘iltlpeseusi
751 4541 861 4690 Aegri}
880 4539 980 4691 ditius,
1016 4542 1188 4610 interemit

174 4649 195 4692 e
243 4646 286 4692 au
331 4646 371 4691 ae
444 4647 558 4695 cuent
613 4646 810 4714 uropenrus
854 4648 964 4691 rcaur.
1017 4646 1022 4653 ·
1077 4649 1081 4655 ·

863 4737 920 4801 8.
