2640 5130
625 462 628 468 ,
948 454 950 463 a

295 589 476 693 asyma.
508 553 580 665 sn.
637 591 698 684 tt,
752 594 907 670 s-ss
1084 596 1168 673 aas

66 770 188 839 rborem
225 774 342 862 ingerit
378 799 398 840 e
430 775 561 864 pudoris
596 780 784 867 opprobrio,
830 784 1008 870 pangitque
1043 784 1167 884 peccati

66 858 159 925 culeo.
214 860 306 927 Sicut
333 861 414 926 entim
436 883 510 929 rosa
544 863 682 932 delectat
702 866 847 953 quidem,
881 869 938 935 scd
962 867 1058 932 celera
1077 880 1165 934 motu

66 941 189 1032 emporis
231 944 365 1022 tollitur3
400 946 443 1013 ita
478 960 510 1014 et
547 947 654 1015 libido.
715 950 892 1019 Columbae
922 955 951 1019 ei
974 974 1166 1018 consecran-

66 1049 108 1129 ις,
137 1025 225 1179 «puori
245 1029 315 1097 illae
335 1052 407 1096 arcs
429 1032 483 1118 (ut
508 1034 655 1183 frepuens
677 1036 777 1103 innuit
808 1037 951 1125 foetura)
974 1038 1108 1104 maximo
1127 1037 1160 1102 in

66 1126 123 1179 utu
157 1112 284 1180 crudae
311 1116 492 1182 creduntur.
578 1119 692 1203 lugunt
722 1144 792 1187 eam
820 1123 852 1186 io
881 1124 959 1190 rnari
982 1134 1187 1200 ,casmenas

66 1198 110 1263 ris
139 1197 235 1264 libido
263 1202 358 1265 rebus
396 1204 563 1288 naufragia
593 1204 709 1270 inferre
742 1228 804 1271 uon
838 1206 1007 1277 dubitetur.
1066 1205 1164 1273 Unde

66 1283 233 1434 orplipyrips
255 1285 286 1349 in
308 1286 575 1386 epigrammatm·
731 1362 739 1380 ,
793 1302 798 1311 “
844 1373 851 1387 ·

66 1391 184 1518 onohrll
201 1371 815 1543 cuppa:neggpcrpmlseyrgrtppipppnfgyyru's
836 1374 1028 1544 p'rpfipelpyp.
1048 1453 1163 1520 animal

66 1548 148 1604 serto
178 1537 269 1604 simul
305 1552 372 1606 toto
402 1561 536 1627 corpore
563 1542 714 1627 inycoitu
742 1542 920 1610 misceatur.
974 1541 1099 1630 Myrtus
1128 1540 1204 1614 eim

66 1632 221 1712 epotetur,
253 1623 300 1689 vel
322 1623 408 1712 quod
428 1625 509 1691 haec
529 1629 623 1695 arbor
651 1619 792 1693 litoribus
820 1626 962 1714 gaudet,
998 1639 1031 1692 et
1050 1626 1158 1691 Venus

66 1707 177 1773 sanari
197 1705 313 1776 dicitur
335 1726 518 1796 procreata,
553 1711 601 1777 rel
627 1712 712 1800 quod
741 1711 825 1778 salso
853 1713 931 1778 mari
963 1710 1062 1776 vicina
1092 1724 1159 1790 est;

86 1791 188 1859 salem
210 1805 278 1872 est,
307 1807 344 1861 ut
364 1795 512 1874 diximus,
546 1797 645 1862 sudor
672 1819 765 1899 quem
786 1818 912 1885 semper
936 1794 1018 1862 elicit
1040 1794 1158 1874 coitus;

66 1875 80 1940 l
101 1875 208 1964 quod,
242 1891 278 1945 ut
297 1879 491 1948 medicorum
511 1880 650 1949 indicant
671 1882 774 1960 libri„
794 1881 874 1948 llaec
902 1882 997 1946 arbor
1017 1879 1159 1968 piurimis

66 1958 199 2028 uliernm
230 1965 469 2033 necessitatibus
501 1977 575 2053 opta
596 1979 654 2033 est
705 1965 858 2032 Verbeuis
878 1965 1037 2052 placator,
1072 1963 1203 2052 quodue

66 2069 114 2112 rec
143 2044 245 2114 herba
277 2072 384 2115 semen
421 2071 482 2116 oon
516 2051 635 2119 emittit.
691 2051 783 2116 Unde
818 2063 883 2118 est:
938 2050 1017 2114 Aru
1051 2049 1160 2112 castis
1212 2125 1214 2131 Ι

66 2141 150 2195 acto
183 2131 348 2199 verbenis.
404 2137 431 2200 Α
462 2137 570 2223 Cypro
603 2135 719 2214 insula,
753 2147 928 2203 aromatum
958 2132 1159 2207 feracissimo,

66 2215 148 2304 ypris
169 2214 305 2296 dicitur,
325 2240 408 2305 quae
427 2221 586 2286 arictum
605 2222 836 2308 interpretator.
876 2229 888 2251 ·

111 2301 146 2366 2.
188 2299 274 2368 'l'res
295 2302 323 2366 ei
346 2305 491 2381 Gratiae,
536 2326 595 2370 unc
615 2307 761 2372 Charites
779 2303 946 2377 dicuntur,
977 2301 1068 2368 unius
1089 2299 1158 2389 pul·
1234 2353 1241 2361 .

66 2382 240 2463 mitudinis,
278 2386 429 2456 Pasithea
458 2328 617 2471 addicet,
660 2390 771 2476 Aglaie
799 2402 833 2457 et
859 2388 1072 2477 Euphrosyne
1100 2386 1200 2459 mi-ao

66 2484 150 2535 strae
185 2468 326 2549 dantur,
363 2496 445 2561 quae
483 2472 587 2540 nudae
620 2475 811 2562 pinguntur,
853 2474 926 2561 quia
958 2473 1065 2557 gratia
1090 2471 1159 2537 sine

66 2576 125 2634 oo,
159 2551 194 2619 id
215 2567 347 2622 estnon
366 2557 508 2626 simulata
529 2572 562 2625 ot
583 2563 676 2636 licta,
712 2559 771 2625 sed
790 2579 870 2647 pora
889 2569 923 2625 et
943 2559 1067 2623 sincera
1087 2576 1159 2623 esse

66 2641 136 2791 πε.
145 2640 354 2790 HCannense
375 2655 469 2723 sunt,
500 2645 574 2731 quia
595 2644 774 2712 insolubiles
791 2665 862 2712 esse
881 2642 1033 2711 amicitias
1054 2639 1158 2708 (locet.

106 2747 126 2791 e
182 2737 318 2793 oratrus:

112 2808 310 2900 segnesque
328 2809 456 2876 nodum
474 2811 603 2878 solvere
624 2811 780 2879 Gratiae.
1164 2841 1202 2892 η

66 2890 128 2960 nod
161 2914 238 2965 reto
266 2917 375 2962 aversa
405 2917 485 2972 ona,
524 2893 607 2962 duae
634 2920 710 2963 vcro
740 2895 944 2984 respicientes
976 2891 1160 2980 pinguntur,

66 2999 112 3045 ree
129 2976 213 3053 ratio
234 2992 299 3055 est,
320 2978 406 3068 quod
426 2979 530 3067 gratia
552 3005 572 3046 a
593 2983 682 3048 nobis
701 2982 829 3070 simplex
852 2980 1013 3068 prolecta,
1042 2977 1159 3065 duplex

65 3062 110 3132 let
128 3064 255 3132 reverti.
298 3065 430 3131 Veneris
451 3078 484 3132 et
503 3066 613 3132 hiberi
644 3067 791 3133 dicuntur
810 3065 910 3142 filiae,
964 3062 1013 3129 uia
1035 3062 1159 3149 gratiae

66 3170 89 3214 a·
106 3146 226 3216 horum
259 3148 327 3216 lere
356 3150 513 3218 numinum
548 3173 695 3230 munera,
729 3151 861 3217 Veneris
882 3085 1045 3226 videlicet,
1075 3168 1159 3297 puae

66 3232 175 3324 luptas
196 3244 264 3315 est,
281 3245 316 3302 et
337 3235 462 3309 Liberi,
490 3235 668 3321 quirinum
690 3247 755 3316 est,
785 3233 968 3322 saepissime
989 3232 1200 3311 concinno-m
1244 3301 1252 3313 ,

66 3341 91 3386 r.
146 3319 380 3408 Interpretatur
398 3331 526 3398 sutem,
561 3324 644 3389 sicut
676 3343 741 3407 ego
761 3320 834 3388 milri
857 3317 1019 3405 recepisse
1039 3315 1158 3395 uideor,

66 3402 183 3472 tsitlteo
212 3405 412 3484 attrahens,
448 3405 558 3491 Aglaie
587 3406 801 3485 demulceas,
832 3404 1044 3508 Euphrosyne
1072 3401 1159 3465 reti-

66 3510 131 3568 ms;
151 3487 228 3577 quia
247 3488 281 3554 in
304 3489 509 3557 amicitiarum
529 3492 662 3558 obtentu
682 3490 815 3578 primum
830 3489 872 3556 sit
884 3497 1012 3576 ignotos
1024 3484 1159 3563 allicere,

66 3570 207 3640 condam
243 3571 373 3640 allectos
393 3574 610 3642 blandimentis
645 3575 858 3664 permulcere,
897 3572 1041 3650 tertium,
1078 3590 1159 3655 quos

66 3657 248 3737 rmulseris,
281 3660 435 3746 obsequio
469 3658 613 3726 retinere
672 3659 796 3725 Venere
828 3669 861 3724 et
896 3655 1027 3724 Boccho
1066 3667 1199 3729 natasse

66 3744 161 3830 mitur
192 3745 418 3845 Hymenaeus,
450 3744 541 3832 quia,
578 3755 613 3810 ut
642 3744 686 3810 ait
705 3743 889 3827 Remigius,
924 3742 966 3807 ob
987 3740 1047 3805 vini
1067 3752 1158 3826 petu-
1223 3761 1225 3766 ·

66 3830 160 3896 atiani
186 3827 284 3895 libido
313 3829 444 3897 excitari
469 3828 557 3897 solet.
612 3828 736 3893 Dicitur
763 3844 869 3916 autem
906 3828 1033 3892 Graece
1064 3819 1160 3910 ὁμὴν

66 3917 232 3994 morona,
264 3936 347 4001 quae
378 3926 428 3982 cst
446 3915 572 4001 proprie
598 3912 757 3980 muliebris
778 3935 890 3988 sexus,
929 3912 960 3975 in
983 3933 1044 3998 qua
1065 3931 1158 3995 puer-

66 3996 387 4069 nascuncuntur.
429 3998 510 4065 lado
531 4000 734 4089 Hymenaeus
757 3998 933 4086 nuptiarum
956 3995 1034 4063 deus
1056 3996 1160 4062 dietus

66 4097 77 4154 i
1163 4097 1201 4149 lo

78 4135 142 4235 ’3.
187 4167 374 4235 Lactantius
396 4174 501 4232 tamen
531 4163 571 4229 ab
593 4163 722 4233 historia
749 4176 885 4234 tractum
905 4162 998 4240 dicit,
1032 4173 1067 4228 ut
1087 4161 1157 4249 Hy-

66 4275 181 4356 moene
202 4250 471 4354 nuptiisuprsesit,
491 4247 578 4337 quod
600 4250 693 4318 etiam
716 4251 844 4317 Servius
864 4258 1050 4393 attestatpa
1082 4245 1160 4396 Fuit

66 4333 802 4522 lulinsldllnelllrltirellllllullidrlldllysddrlllullilllcarl
818 4331 1157 4514 oidilldslllllrglllrlobll-

66 4507 407 4683 alliciendi
442 4517 560 4665 titt
589 4500 1201 4671 ttlt⁰¹lltat‘lzfflttltltt⁴⁵
