2692 4762
399 196 582 300 ΜΨ.
606 197 646 294 .¹·
699 194 951 275 ara-asc.
1187 207 1241 283 or

111 394 145 452 et
163 381 312 455 habitum
329 401 424 450 suum
445 378 581 450 donaret
599 379 670 448 sibi.
699 379 834 449 Achilles
853 392 960 450 auteur
978 379 1114 454 donarit
1144 390 1241 461 Post-

108 491 205 557 quam
236 469 324 536 acies
352 467 475 534 directa
500 468 560 535 suit
588 467 630 533 ab
656 464 819 543 Hectore,
858 467 926 557 ipse
958 468 1083 538 flector
1113 475 1242 548 abstulit

107 552 433 707 fflfflmjcytffifn
458 563 492 621 et
511 573 621 643 equos.
661 548 745 620 lude
763 551 842 621 dicit
859 558 974 643 poeta:
1003 554 1161 625 Eruoim
1181 563 1239 628 in-

454 798 550 875 212.
602 799 891 900 Thymoetes.
1091 860 1094 865 -
1241 835 1260 881 s

197 928 347 996 Priamus
380 950 422 996 ex
452 927 565 996 Arisba
598 924 695 993 filium
724 938 826 996 ratem
855 930 1003 1019 suscepit
1048 932 1111 1008 Qui
1141 959 1237 1023 quum

105 1014 264 1096 mxime,
283 1011 420 1103 quadam
439 1025 536 1080 nocte
555 1012 641 1078 nasci
662 1034 813 1101 puerum,
831 1035 890 1100 per
935 1038 1005 1083 uem
1021 1027 1238 1105 possetererti

108 1100 235 1190 ijs,
266 1099 418 1186 contigit,
444 1108 481 1169 ut
506 1096 649 1169 similiter,
664 1110 815 1186 parerent
834 1111 867 1166 et
888 1039 1087 1190 'l'lymoetae
1109 1128 1188 1172 uxor
1206 1124 1238 1176 et

106 1185 270 1264 Hecuba,
298 1205 381 1272 quae
400 1182 517 1250 Priami
537 1181 679 1270 legitima
700 1194 779 1254 erat.
820 1182 889 1272 Sed
907 1184 1053 1256 Priamus
1073 1190 1256 1331 'seyme-l

105 1280 165 1339 tae
184 1268 285 1338 filium
307 1289 501 1358 uxoremque
515 1267 611 1359 Jussit
630 1265 744 1335 occidi.

426 1435 521 1515 215.
572 1437 696 1514 Mors
729 1437 915 1514 Priami.

195 1564 251 1632 De
268 1575 373 1636 morte
392 1565 512 1635 Priami
529 1565 618 1632 raris
634 1563 752 1632 lectum
772 1575 831 1632 est
871 1563 928 1631 Alii
949 1564 1075 1649 mount,
1103 1573 1189 1659 qood
1216 1596 1236 1642 a

108 1649 240 1740 Pyrrho
266 1651 298 1717 in
327 1650 423 1718 domo
451 1648 579 1739 quidem
605 1671 665 1717 sus
692 1661 805 1737 captus
830 1661 896 1729 θείς
928 1650 987 1717 sed
1015 1653 1057 1719 ad
1083 1659 1234 1726 tumulum

107 1734 239 1802 Achilles
268 1748 410 1818 tractus,
440 1736 565 1802 occisus
597 1746 648 1802 est
671 1732 764 1822 juxta
799 1734 933 1819 Sigeum
970 1744 1234 1826 promontorium

107 1839 185 1886 usm
212 1819 255 1885 ibi
282 1822 423 1909 sepultus
448 1833 504 1889 est
547 1819 731 1908 'l'unc'ejus
753 1829 866 1905 caput,
898 1833 993 1888 conto
1021 1824 1138 1907 fixum,
1173 1830 1276 1899 eir-ro

107 1904 262 1973 cumtulit
313 1907 372 1973 Alii
398 1928 473 1971 vero
502 1903 630 1985 dicunt,
659 1901 746 1991 quod
771 1904 864 1995 justa
890 1906 1012 1973 Hercei
1037 1910 1125 1977 Joris
1145 1934 1235 1981 arans

106 1990 266 2058 muscus
295 1991 347 2059 sit
400 1989 496 2058 Unde
523 1990 692 2056 Lucanus:
729 1988 900 2068 Herceos,
927 2004 1138 2060 monstrator
1168 2000 1234 2078 ait,

104 2094 177 2141 non
203 2097 259 2141 rer
284 2075 348 2140 icis
375 2078 485 2140 oras?
525 2074 571 2141 Et
599 2074 684 2139 hauc
703 2072 879 2160 opinionem
901 2074 992 2161 plene
1013 2078 1161 2166 Virgiirus
1182 2106 1233 2150 se·

105 2158 234 2247 quitur;
253 2098 330 2228 ieet
349 2159 444 2228 etiam
463 2158 514 2227 illa
532 2159 710 2249 perscripta
729 2157 771 2237 sit
788 2157 938 2248 pluribus.

521 2345 615 2423 21⁴.
667 2345 818 2426 nido.
1236 2372 1274 2423 ao

119 2472 123 2479 ¹
191 2477 299 2559 Dido,
315 2474 454 2545 Metonis
473 2474 554 2556 iilia,
582 2497 677 2565 quem
697 2476 847 2563 Virgilius
868 2475 980 2544 Belum
1001 2478 1156 2565 nominat,
1184 2483 1232 2550 in-

104 2564 244 2634 retecto
265 2564 389 2631 Acerbo
409 2561 549 2651 conjuge
578 2584 654 2641 suc,
682 2583 776 2649 quem
796 2560 945 2650 Virgilius
972 2563 1143 2635 sichaeum
1173 2591 1232 2636 no-

105 2651 224 2733 minat,
249 2668 269 2716 a
292 2645 500 2798 Pppgmaliooe
520 2667 600 2733 rege
620 2645 698 2714 fratr
739 2669 780 2712 ue
797 2669 875 2727 suo,
903 2667 961 2738 per
983 2648 1093 2799 lupam
1115 2653 1231 2743 elapsa,

105 2756 203 2802 nares
235 2755 330 2802 ascen
353 2745 377 2800 rt
404 2754 482 2805 cum
503 2752 621 2817 magno
649 2754 713 2821 pon
738 2732 897 2814 creanti,
926 2745 962 2823 et
986 2736 1111 2801 Arione
1138 2738 1230 2808 irrora

104 2819 258 2910 pervenit.
299 2817 348 2887 lbi
380 2817 421 2884 ab
447 2816 559 2896 larba,
587 2837 668 2903 rege
688 2816 892 2898 Maurorum,
921 2828 1043 2886 tantum
1063 2823 1119 2888 sola
1143 2826 1269 2903 emitas

131 2919 260 2973 nautum
287 2903 375 2970 con'o
402 2901 491 2969 bovis
518 2913 626 2990 posset
654 2902 757 2971 metiri
785 2901 833 2967 rel
860 2924 1035 2990 occupare,
1064 2917 1098 2971 et
1119 2906 1231 2978 fraude

107 2928 216 3056 lebena
228 2986 401 3054 vindicavit
427 2985 511 3052 Nam
529 2986 651 3052 corium
665 2984 697 3051 in
717 2985 913 3074 tenuissimas
933 2978 1229 3075 corrigiarsectom

108 3073 260 3154 tetendit,
290 3070 370 3140 occu
393 3070 518 3160 uritque
544 3070 647 3139 stadia
665 3070 772 3140 XXII.
814 3073 868 3140 Ob
888 3071 974 3162 quod
997 3073 1114 3142 fuctum
1134 3078 1230 3165 Byr-

108 3183 198 3242 sam,
224 3171 338 3249 postea
388 3155 603 3255 orthaginem,
631 3157 760 3226 vocarit

1259 1284 1278 1330 0

456 3306 550 3417 218.
603 3341 867 3418 Saturnus.
1231 3378 1269 3429 ³0

186 3469 363 3551 Saturnus,
404 3466 520 3536 amissa
547 3466 748 3556 possessione
774 3466 871 3547 caeli,
910 3490 1007 3558 quum
1038 3494 1095 3560 per
1125 3485 1226 3543 rotun

112 3550 216 3620 orbem
243 3555 399 3645 profugus
430 3562 568 3633 erraret,
598 3551 724 3619 Junone
751 3552 888 3631 sociate,
920 3577 961 3621 ne
992 3556 1089 3644 longo
1119 3560 1225 3627 taedio

111 3632 235 3706 lassaret
263 3641 346 3719 riae,
379 3659 450 3704 eam
479 3636 788 3726 Nymphisrlsricae
816 3640 1046 3710 commendavit
1072 3642 1225 3715 alendam.

110 3717 154 3789 Es
174 3746 238 3813 quo
259 3723 487 3811 Carthaginem
506 3744 656 3809 magnam
675 3724 761 3789 Juno
779 3743 906 3811 semper
926 3725 1084 3796 habitavit

254 3901 348 3978 216.
395 3906 512 3981 llido
543 3918 586 3979 et
617 3904 796 3980 condito
830 3904 1067 4009 Carthago.
1228 3945 1263 3995 ³5

186 4025 270 4129 9³⁶⁰
290 4045 393 4119 'quum
421 4035 626 4125 pertransiret
652 4032 810 4123 quandum
832 4033 963 4100 insulam
984 4034 1135 4120 Junonis,
1161 4040 1222 4108 illic

115 4125 226 4204 accepit
250 4117 429 4200 oraculum,
456 4134 490 4188 et
517 4121 714 4188 sacerdotem
735 4119 802 4207 ejus
824 4141 931 4185 secum
954 4120 1097 4197 obstulit,
1127 4148 1224 4213 quum

117 4210 140 4253 u
158 4217 262 4280 parum
283 4203 444 4288 crederet,
470 4206 664 4297 promittenti
684 4202 779 4273 redes
794 4204 1008 4294 Carthaginis.
1040 4208 1113 4283 Quo
1127 4234 1224 4299 quum

819 4314 834 4346 ἡ

776 4315 799 4381 5
