2640 5130
394 480 575 614 uyuop.
601 509 653 586 n.
691 506 836 586 ara..
852 508 950 591 nan¹
1157 509 1235 587 rra

110 709 143 766 ct
170 695 288 764 doloris
315 695 467 783 impulsu,
497 693 584 784 quod
614 719 652 765 se
672 706 811 784 sprctam
832 719 904 763 esse
924 694 1094 774 eredehat,
1122 694 1236 784 laqueo

111 785 205 850 sitam
227 782 340 858 finivit,
368 793 401 848 et
429 803 519 848 versa
540 782 639 850 estin
660 784 806 848 arborem
827 781 1031 872 amygdalum
1052 781 1120 848 sine
1145 781 1235 848 foliis.

111 868 231 936 Postea
251 887 397 932 resersus
419 865 647 955 Demophoon,
678 868 807 954 cognita
828 888 881 945 re,
911 867 978 957 ejus
1005 865 1168 955 amplexus
1188 878 1237 933 est

109 967 257 1023 huncum
277 953 349 1042 qui,
372 951 453 1019 velut
476 954 583 1041 sponsi
602 953 733 1020 sentiret
750 951 935 1035 adrentum,
959 950 1033 1020 folla
1053 949 1166 1021 emisit.

443 1194 536 1271 215.
588 1196 899 1273 Laodamia.
1034 1134 1037 1139 Ι
1239 1216 1258 1266 a

195 1319 370 1391 Laodamia
398 1346 479 1391 uror
503 1324 668 1393 Protesilai
692 1326 759 1394 suit
800 1326 893 1402 Quae
912 1351 1012 1417 quum
1035 1325 1180 1396 maritum
1203 1327 1235 1393 in

110 1407 192 1475 hello
209 1407 352 1498 'l'rojano
373 1410 503 1496 periisse
525 1410 659 1498 primum
688 1413 908 1498 cognovisset,
943 1414 1080 1503 optavit,
1109 1424 1147 1480 ut
1165 1412 1234 1501 ejus

110 1497 254 1561 umbram
268 1492 397 1560 rideret.
420 1495 549 1570 Quare
572 1517 746 1580 concmsa,
770 1519 833 1563 non
853 1497 1004 1567 deserens
1020 1520 1102 1581 eam,
1121 1496 1154 1564 in
1166 1499 1235 1587 ejus

112 1578 327 1669 complexibus
348 1578 451 1666 periit.

476 1753 570 1830 216.
622 1755 867 1832 Procris.
1239 1778 1278 1829 ro

192 1883 340 1964 Procris,
375 1883 439 1951 lilia
468 1883 575 1973 Iphili,
606 1904 689 1951 uxor
714 1883 847 1972 Cephah
874 1882 943 1955 suit
985 1881 1049 1961 Qui
1065 1904 1164 1974 quum
1184 1904 1238 1949 re-

109 1967 206 2036 naudi
234 1968 341 2037 studio
370 1981 550 2048 teneretur,
583 1967 692 2038 labore
724 1970 846 2051 lasus,
874 1969 918 2039 ad
945 1967 1052 2037 locum
1080 1966 1238 2058 quendam

110 2067 282 2123 conruem
306 2055 372 2133 ire,
408 2053 511 2123 etad
540 2054 749 2123 recreandum
778 2052 839 2120 illic
872 2078 909 2123 se
944 2066 1072 2121 rentum
1110 2075 1237 2119 vocare.

111 2138 209 2215 Quod
237 2161 335 2242 quum
362 2160 460 2228 saepe
487 2139 625 2242 laceret,
658 2160 800 2207 amorem
834 2139 866 2205 iu
893 2162 931 2208 se
959 2139 1056 2241 morit
1083 2140 1237 2239 Aurorae,

111 2245 252 2376 tto?
266 2245 392 2378 rtltt
414 2221 894 2397 lilttlhttulthltm
913 2220 1280 2398 llllhlllt'hl

112 2394 307 2483 amplexibus
333 2395 476 2481 rogarit,
508 2406 544 2461 ut
571 2405 679 2482 spreta
700 2417 799 2461 uxore
820 2417 899 2472 sua,
931 2416 1003 2462 eam
1033 2402 1129 2461 amet.
1181 2392 1240 2459 Ille

112 2479 173 2557 ait,
203 2477 419 2563 iusiurandum
444 2499 481 2545 se
509 2477 628 2545 hahere
658 2501 732 2546 curn
759 2480 852 2570 conju
880 2502 899 2546 e
923 2492 1055 2547 mutuae
1075 2475 1239 2544 castitatis.

112 2563 185 2639 Quo
206 2563 334 2644 audito,
355 2561 518 2651 respondit
537 2566 675 2631 Aurora:
713 2575 755 2630 ut
779 2587 826 2652 pr
867 2587 902 2630 ee
932 2565 947 2628 i
973 2565 1050 2627 itur
1078 2563 1238 2648 conjugis

111 2646 333 2722 castitatem,
353 2652 501 2713 mutate
516 2647 552 2711 in
565 2657 797 2715 mercatorem.
837 2650 912 2724 Quo
952 2657 1044 2728 acto,
1063 2645 1115 2712 ille
1133 2659 1171 2712 ut
1191 2645 1277 2714 adtc

111 2730 249 2797 Procrin
275 2731 375 2813 venit,
407 2730 520 2797 oblatis
547 2732 730 2799 muneribus
759 2732 990 2821 impetrataque
1016 2753 1055 2799 re
1085 2730 1236 2819 conjugii,

111 2816 277 2883 coufessus
303 2833 373 2896 est,
403 2840 440 2883 se
473 2837 545 2881 esse
577 2816 723 2884 maritum
757 2840 861 2885 suum.
912 2815 1009 2892 Quod
1036 2815 1087 2883 illa
1116 2815 1237 2890 dolens,

111 2924 211 2990 quarn
232 2899 372 2969 audisset
392 2924 410 2966 a
432 2901 568 2978 rustico,
600 2923 708 2967 amare
735 2925 809 2969 eum
834 2914 1007 2982 Auroram,
1034 2923 1130 2988 quom
1148 2900 1235 2966 invo-

111 3009 188 3053 care
209 2997 433 3062 consueverat,
460 2985 502 3050 ad
524 2985 630 3051 silvam
649 2986 794 3072 prolecta
813 2999 880 3066 est,
908 3000 942 3053 et
960 2988 993 3053 in
1015 2984 1167 3052 fruticetis
1191 2983 1237 3049 la-

109 3071 171 3138 tuit
198 3071 241 3136 ad
267 3068 566 3159 deprehendendum
597 3071 752 3138 maritum.
807 3072 871 3146 Qui
900 3094 1000 3162 quum
1024 3091 1115 3136 more
1142 3069 1277 3139 solitoaa

111 3158 267 3223 Auroram
288 3168 433 3234 vocaret,
460 3154 592 3220 Procris
610 3156 723 3241 egredi
744 3180 785 3223 cu
807 3155 891 3230 eus,
926 3156 1074 3221 fruticeta
1096 3176 1236 3220 commo·

111 3243 162 3306 vit.
205 3243 344 3329 Sperans
365 3238 525 3328 Cephalus
549 3241 648 3304 seram
670 3263 759 3323 esse,
786 3178 913 3311 hastam
932 3237 1141 3306 inevitabilem
1159 3260 1235 3305 con-

107 3325 202 3416 jecit,
223 3326 283 3392 et‘
350 3347 405 3391 rus
423 3347 553 3391 uxorem
573 3325 748 3408 interemit,
777 3348 861 3415 quaa
879 3334 988 3395 tanum
1008 3323 1164 3405 moriens,
1196 3345 1238 3389 ne

109 3415 265 3480 turoam
274 3347 437 3490 dieunt,
468 3408 649 3498 postularit.

485 3607 580 3683 217.
632 3608 856 3685 Tereus.
1239 3642 1278 3693 sn

193 3739 320 3807 'l'ereus
339 3760 396 3806 rer
414 3737 577 3804 'l'lrracum
603 3736 669 3804 luit.
711 3737 776 3812 Qui
799 3757 898 3826 quum
920 3730 1111 3815 Pandionis,
1139 3732 1236 3804 Athe-

113 3842 224 3890 aarum
253 3823 361 3910 regis,
392 3823 484 3889 filiam
508 3824 657 3888 Procnen
684 3823 810 3888 nomine
841 3818 982 3888 duxisset
1012 3842 1161 3899 uxorem,
1203 3832 1236 3887 et

113 3918 187 3996 post
204 3909 392 4012 aliquantum
415 3922 538 3995 tempus
559 3910 600 3975 ah
628 3930 667 3974 ea
686 3918 859 3994 rogaretur
877 3903 936 3972 sihi
955 3904 1161 3972 Philomelam
1183 3928 1236 3972 so·

111 4015 215 4059 rorem
236 3992 403 4060 rrdendam
431 3995 603 4072 accersire,
627 3994 795 4096 proiectus
824 3990 981 4070 Athenas,
1006 3990 1083 4056 dum
1104 3989 1235 4058 adducit

111 4078 263 4166 puellam,
293 4079 325 4144 in
352 4079 465 4144 itinere
489 4100 559 4144 eam
587 4078 717 4158 riharit,
746 4091 778 4147 et
801 4077 832 4144 ei
853 4076 993 4162 linguam
1013 4074 1166 4155 abscidit,
1195 4098 1276 4151 nem

111 4165 236 4231 lacinus
263 4162 425 4231 indicaret.
469 4162 525 4228 llla
554 4174 657 4231 tamen
684 4187 768 4260 rem,
800 4163 833 4230 in
854 4172 941 4228 reste
964 4182 1024 4228 suo
1044 4182 1159 4226 cruore
1178 4159 1235 4226 de-

111 4249 278 4338 scriptam,
306 4248 409 4317 sorcri
439 4249 530 4314 misit.
579 4247 651 4322 Qua
679 4249 828 4338 cognita,
864 4247 994 4313 Procne
1031 4245 1105 4333 ltyn
1140 4244 1237 4312 lilium

110 4356 203 4400 suum
221 4334 393 4412 interemit,
424 4343 457 4398 et
478 4331 558 4420 patri
578 4333 769 4420 epulandum
789 4332 945 4423 apposuit.
987 4329 1108 4398 Postea
1126 4352 1238 4397 omnes

110 4419 142 4485 iu
164 4442 238 4487 sves
258 4419 368 4486 mutati
389 4430 483 4497 suat;
511 4418 690 4495 ll’ereusin
710 4442 867 4509 upupam,
899 4418 966 4505 itys
985 4416 1018 4482 in
1039 4414 1238 4506 phasianum,

110 4503 240 4572 Procne
258 4504 293 4571 in
310 4502 527 4584 hirundinem,
556 4501 731 4575 Philomela
749 4507 782 4573 in
801 4503 976 4572 lusciniam.

828 4613 907 4683 1⁰⁸
