2692 4762
208 195 293 272 254
472 196 653 298 Mytbogr.
688 199 758 270 ΙΙΙ.
815 199 878 271 tti.
932 200 1079 274 5-6.

294 379 403 447 Nunc
423 380 489 445 dea
510 378 664 467 linigera
694 380 822 449 colitur
842 379 1063 452 celeberrima
1088 385 1203 452 turba.

213 463 357 553 Etdibro
379 464 423 532 de
442 465 548 532 Fastis
578 464 660 532 aitz'
1335 520 1340 551 ,

301 547 421 616 Vacca
441 550 490 613 sit
510 570 556 612 nn
580 558 717 626 taurus,
738 572 804 616 non
826 565 878 617 est
894 576 1096 641 cognoscere
1115 567 1327 642 promptumr

215 633 290 724 quia
309 635 396 722 prior
418 655 491 721 pars
512 631 652 712 ridetur,
683 637 838 720 posterior
859 661 932 704 sero
957 662 1018 706 non
1040 640 1172 708 ridetur.
1215 642 1325 705 sem

195 723 298 790 fidum
317 719 478 808 physicam
500 717 546 783 soi
569 717 684 785 dieitur
706 742 778 784 esse
797 719 828 784 iu
849 722 973 801 Tauro,
996 725 1070 813 quia
1090 739 1168 791 tune
1187 724 1330 812 inaptus·

212 807 340 873 iabores
368 804 468 878 tamir
506 802 552 867 rei
581 803 655 891 quia
674 803 757 870 sicut
791 816 899 874 taurus
921 831 979 897 per
1000 832 1123 878 cornua
1146 809 1255 876 sortior
1274 821 1324 889 est,

213 892 257 960 ita
279 889 326 956 soi
346 901 424 957 tunc
443 886 551 975 incipit
571 910 642 955 esse
663 887 840 957 ferventior.

298 975 332 1039 3.
372 972 437 1063 Jup
460 975 520 1040 iter
550 974 721 1040 concubuit
756 997 828 1040 eum
851 974 945 1044 Leda
965 977 997 1042 in
1018 977 1128 1066 speeie
1149 976 1260 1065 cygni,
1290 976 1321 1041 ei

214 1081 278 1148 qua
299 1060 412 1145 genuit
429 997 493 1125 duo
515 1080 593 1137 ova3
628 1071 661 1125 et
680 1082 717 1124 ex
747 1082 810 1124 uno
833 1073 926 1128 natae
960 1074 1034 1129 sunt
1061 1062 1189 1128 Helena
1209 1075 1240 1130 et
1259 1060 1321 1150 cry-

174 1155 402 1223 totemnestra,
423 1167 462 1212 ex
483 1143 543 1209 alio
565 1143 627 1209 nati
648 1156 721 1211 sunt
743 1144 854 1212 Pollux
875 1158 909 1214 et
928 1147 1065 1226 Castor,
1086 1149 1140 1237 qui
1162 1143 1325 1235 peritissimi¹

216 1243 249 1297 et
269 1229 443 1317 probissimi
477 1229 683 1330 imperatores
713 1231 841 1296 suerunt
870 1230 902 1296 in
927 1232 1074 1298 Graecia.
1128 1231 1220 1298 Duas
1240 1231 1329 1313 etism,-

214 1315 293 1382 fittns
315 1315 428 1403 Zetypi
449 1314 576 1393 rustici,
609 1313 765 1380 Phoeben
785 1314 904 1383 scilicet
924 1328 958 1383 et
976 1315 1170 1384 Molliseuam
1193 1317 1220 1382 ri
1240 1336 1319 1418 cept-

214 1412 290 1468 rnnt
306 1399 385 1466 Idae
406 1412 439 1466 et
459 1396 586 1466 Sioidae
608 1397 755 1466 frutribus
774 1411 916 1488 tempore
945 1402 1145 1491 nuptiarum3
1178 1424 1255 1491 quas
1273 1397 1318 1488 ιμ’

216 1485 291 1553 Idus
312 1497 345 1553 et
362 1482 487 1552 Sicidas
510 1483 614 1550 eidem
634 1484 760 1571 Zetypo
782 1498 960 1573 rapuerunt
1009 1485 1090 1552 Inde
1116 1499 1187 1552 orta
1215 1485 1339 1565 discor-7

176 1571 271 1636 india
290 1571 372 1639 inter
393 1592 465 1650 eos,
486 1582 628 1636 mortuus
649 1583 699 1636 est
719 1569 793 1637 Idas
815 1583 847 1637 et
868 1593 1039 1659 percussus
1057 1582 1108 1638 est
1125 1572 1256 1648 Castor,
1276 1567 1339 1656 qni·

175 1694 180 1699 ·
217 1679 313 1745 quum
338 1666 423 1722 esset
450 1654 606 1734 mortuiis,
644 1655 747 1743 periit.
801 1655 929 1723 Interea
967 1676 1063 1744 quum
1094 1655 1192 1723 trater
1220 1655 1315 1723 Potius

217 1758 303 1809 esset
322 1741 519 1819 immortalis,
554 1751 586 1806 et
609 1739 639 1804 in
660 1739 711 1806 iiia
742 1738 862 1806 idcirco
891 1743 958 1808 rixa
987 1763 1049 1807 nou
1076 1754 1161 1808 esset
1183 1753 1318 1816 mortuus,

217 1828 358 1895 fraterna
377 1825 494 1914 pietate
513 1824 637 1911 rogarit
660 1824 772 1891 Jorem
791 1839 914 1914 patrem
937 1849 1048 1907 suum,
1078 1837 1115 1892 ut
1135 1840 1243 1915 posset
1261 1843 1317 1914 pat·

217 1913 267 1979 tiri
290 1911 382 1979 sitam
403 1932 476 1978 aum
497 1909 595 1977 fratre
614 1931 682 1977 suo.
734 1911 787 1978 Ex
807 1922 871 1998 quo
900 1911 1019 1977 alterna
1045 1911 1181 1977 satione
1212 1924 1319 1999 semper

176 1997 252 2064 ²⁰iu
273 1997 362 2064 eaelo
377 2017 459 2063 unus
480 2006 613 2083 apparet
632 1996 663 2060 in
687 2017 749 2061 una
769 2009 879 2083 parte,
906 1995 985 2062 aiter
1006 1998 1037 2063 in
1059 1995 1137 2077 aha3
1167 1996 1213 2062 vei
1230 2008 1263 2063 ut
1281 1988 1321 2060 ahi

219 2082 343 2160 dicunt,
365 2103 445 2146 unus
468 2093 532 2148 stat
553 2081 584 2145 in
606 2079 714 2160 caelo,
741 2081 820 2148 aher
842 2081 998 2169 mergitur
1017 2082 1049 2147 in
1072 2102 1237 2148 oceanum.
1276 2072 1323 2146 Sd

219 2168 334 2234 dieitur
356 2167 388 2231 in
408 2165 559 2242 Geminis,
603 2166 653 2231 uia
672 2166 702 2230 in
725 2165 866 2254 quotibet
885 2167 910 2233 si
938 2188 1047 2232 norum
1063 2166 1110 2234 sol
1130 2177 1196 2236 stat
1215 2178 1338 2236 tantum¹

218 2272 278 2341 per
298 2251 394 2317 XXX
415 2250 501 2330 dies,
532 2249 564 2315 in
619 2251 728 2317 eminis
750 2274 824 2317 vero
846 2273 903 2338 per
955 2251 1060 2318 XXII.

302 2337 334 2403 t.
375 2336 481 2415 Quum
512 2333 660 2402 Chironis
699 2335 798 2417 titius,
836 2357 934 2424 nepos
967 2336 1096 2404 Saturni
1122 2347 1157 2406 et
1181 2335 1330 2425 thaps.

177 2418 308 2510 ajuxta
328 2442 416 2486 mare
435 2420 597 2501 transiret,
629 2420 787 2522 quendam
807 2443 956 2487 cancrum
976 2423 1149 2488 immensae
1178 2420 1334 2508 magnitu·

222 2506 301 2572 dinis
322 2504 404 2593 pede
425 2504 571 2584 caicarit,
602 2529 654 2592 qur
676 2529 749 2572 eum
771 2507 988 2572 miserabiliter
1007 2507 1113 2586 iaesit3
1153 2518 1185 2571 et
1207 2523 1336 2571 couver-

221 2615 275 2658 sus
299 2592 417 2656 Chiron
449 2591 571 2675 sagittis
602 2613 751 2656 cancrrnn
781 2593 951 2676 percussit,
988 2592 1148 2678 titiumque
1172 2590 1336 2677 expedivit·

221 2677 258 2742 Ia
299 2676 387 2763 cujus
424 2677 603 2740 memoriam
635 2698 749 2740 cancer
779 2678 828 2740 ide
863 2677 1029 2743 translatus
1069 2690 1117 2743 est
1149 2677 1180 2740 in
1208 2676 1338 2741 caelum·

223 2763 389 2848 tactusque
410 2763 534 2846 signnm
556 2759 701 2826 caeleste.
744 2761 799 2826 Soi
822 2760 936 2827 dicitur
958 2786 1030 2826 esse
1049 2761 1081 2826 in
1103 2763 1241 2831 Cancro.
1262 2760 1337 2847 quia

180 2847 307 2915 sesicut
328 2848 380 2911 hic
400 2869 546 2932 gressum
570 2845 610 2909 ad
635 2858 802 2932 utramque
828 2860 948 2933 partem
981 2848 1075 2912 habet
1096 2859 1170 2910 ante
1190 2860 1223 2913 et
1242 2861 1337 2911 retro,

221 2933 268 2997 sic
284 2930 340 3007 soi,
364 2955 459 3018 quum
479 2931 520 2994 ad
537 2932 695 2996 Cancrum
712 2930 844 3008 aceedit,
861 2954 987 3017 semper
1002 2932 1222 3019 progreditur;
1242 2946 1337 3017 quant

188 3023 193 3032 '
223 3040 297 3082 vero
319 3030 367 3081 est
390 3019 421 3081 in
441 3018 577 3088 Cancro,
601 3017 789 3092 retrocedit,
811 3029 842 3081 et
866 3018 945 3082 ultra
967 3016 1117 3104 progredi
1141 3039 1203 3080 non
1226 3029 1337 3102 potest

305 3105 335 3165 5.
378 3102 500 3167 Rustici
521 3101 550 3164 in
574 3099 715 3165 Nemaea
737 3100 811 3165 silva
830 3101 942 3166 Jovcm
970 3115 1171 3203 spernentes,
1193 3104 1337 3166 nolebant

222 3184 251 3250 ei
273 3186 461 3250 sacrificare.
505 3183 598 3250 Unde
620 3186 766 3272 Juppiter
785 3186 883 3252 iratus
916 3187 1040 3252 immisit
1066 3187 1103 3251 iis
1138 3187 1259 3251 leonem
1281 3187 1337 3250 im⁴

179 3285 351 3336 :inmensae
386 3270 626 3356 magnitudinis,
665 3272 717 3357 qui
758 3271 862 3335 omnin
890 3294 999 3337 eorum
1036 3274 1117 3336 bona
1147 3271 1337 3337 devastabat.

221 3355 265 3421 Et
292 3378 388 3442 quum
424 3357 553 3443 penuria
586 3355 729 3443 oppressi
758 3370 879 3433 essent,
918 3356 1044 3422 tandem
1074 3357 1157 3423 venit
1183 3356 1337 3422 Hercules

221 3456 429 3506 monstrorum
452 3441 596 3515 domitor,
617 3441 669 3527 qni
688 3441 787 3526 ipsum
809 3441 982 3508 interiecit:
1005 3455 1036 3508 et
1057 3443 1224 3509 translatus
1246 3443 1337 3509 estin

221 3526 359 3605 eaelum,
378 3539 410 3591 et
430 3549 469 3591 ex
490 3550 529 3591 eo
552 3526 669 3591 tactum
689 3527 814 3611 signum
828 3527 973 3592 caeleste.
1018 3527 1072 3592 Soi
1086 3528 1201 3593 dicitur
1219 3551 1289 3593 esse
1308 3530 1337 3592 in

220 3610 342 3692 Leone,
362 3613 435 3698 quia
447 3613 528 3679 sicut
541 3609 591 3675 leo
614 3610 798 3676 furibundus
814 3624 871 3686 est,
893 3613 939 3677 sic
953 3635 1049 3697 qrrum
1062 3612 1108 3677 soi
1121 3635 1179 3699 per
1193 3612 1266 3678 iliud
1283 3613 1336 3676 de-

179 3697 320 3770 tocurrit
349 3699 492 3783 signum,
530 3696 744 3761 vehementem
773 3696 889 3760 mundo
910 3698 1020 3763 caloris
1043 3699 1196 3763 fervorem
1229 3697 1336 3763 reddit.

307 3784 336 3847 6.
357 3783 477 3859 learns,
496 3781 645 3847 sacerdos
657 3781 788 3859 Bacchi,
810 3793 842 3848 et
856 3781 1053 3847 Atheniensis
1066 3804 1132 3857 rex,
1153 3797 1185 3849 et
1204 3784 1336 3872 optimus

223 3879 369 3945 venator,
402 3891 496 3955 quum
520 3869 621 3933 vinum
643 3867 766 3932 rusticis
796 3878 908 3953 potare
939 3867 1097 3945 dedisset,
1135 3867 1176 3933 ilii
1196 3868 1336 3933 inebriati

223 3964 369 4040 putantes
395 3977 430 4017 ae
463 3975 613 4017 venenum
637 3953 802 4029 sumsisse,
839 3952 939 4051 ipsum
967 3953 1213 4032 interfecerunt;
1246 3967 1278 4018 et
1307 3968 1336 4018 ut

223 4038 327 4104 scetus
350 4039 478 4118 lateret,
511 4038 541 4101 in
565 4050 693 4125 puteum
724 4036 1017 4122 praecipitaverunt.
1069 4037 1221 4102 Canicula
1255 4060 1336 4112 vero,

181 4141 307 4272 «sapone
329 4145 399 4188 cum
421 4145 460 4187 eo
483 4135 567 4198 erat,
598 4143 724 4187 reversa
745 4132 792 4187 est
815 4121 942 4189 domum
972 4122 1012 4188 ad
1035 4120 1228 4208 Erigonem,
1259 4146 1336 4209 quae

248 4210 311 4275 icta
330 4222 380 4275 est
399 4207 462 4275 tilia
483 4207 579 4296 ipsius
599 4206 699 4291 Icari,
721 4228 761 4273 ac
782 4206 905 4276 tristitia
925 4218 959 4274 et
981 4208 1096 4295 quibus
1119 4208 1221 4295 potuit
1240 4208 1336 4294 signis
