2640 5130
78 208 87 219 ”
162 242 218 318 uc
457 242 640 347 ΠΜ.
669 242 724 316 11.
787 239 991 319 ca-ca.

375 370 450 504 ἱ62.
502 429 729 505 Saturnus
773 441 817 504 et
862 426 1069 528 Philyra.

250 554 407 622 Saturnus
438 551 520 625 dum
543 578 615 624 cum
645 568 752 626 smus
779 555 911 647 Philyra
936 577 1005 622 rem
1035 556 1185 651 haheret,
1216 556 1290 646 0ps

169 638 238 731 ejus
260 663 342 706 uror
368 639 506 711 advenit.
557 642 659 733 Cujus
680 642 892 732 praesentiam
920 641 1050 720 timeus,
1079 641 1234 709 conre'rtit
1253 665 1291 709 sa

114 780 129 822 ,3
166 727 199 792 iu
219 749 345 812 equum.
388 725 515 793 Exinde
534 739 627 795 natus
646 728 837 822 est-Chiron
856 725 984 792 dimidia
1003 737 1094 815 parte
1113 727 1219 806 homo,
1241 726 1291 793 di·

143 811 265 891 smidia
285 833 397 901 equus.
436 811 600 880 Hahitarit
624 823 731 880 autem
759 813 792 878 in
813 806 919 891 Pelio,
950 811 1137 880 Thessaliae
1162 823 1289 893 moute3

136 972 139 977 ·
165 895 718 1051 t,tltrl.⁰¹¹³lt'th⁸tl2¹5l¹¹:
744 895 1289 1063 tilllttlnlzttlffff

162 1063 348 1155 gittcrius.
932 1128 934 1132 ,
1010 1076 1014 1081 ’
1097 1076 1102 1083 “

484 1199 554 1277 65.
604 1158 955 1280 Prometheus.

125 1358 163 1408 ιο
251 1327 465 1398 Prometheus
491 1354 587 1420 quum
616 1334 774 1400 hominem
801 1331 955 1420 lingeret,
985 1328 1073 1420 jussu
1092 1326 1225 1399 deorum
1246 1350 1287 1398 ex

166 1417 312 1482 omnihus
333 1415 516 1483 animalibus
536 1418 724 1517 particulas,
752 1431 849 1506 prout
872 1427 942 1483 erut
962 1438 1071 1516 eorum
1093 1427 1232 1513 natura,
1255 1438 1277 1480 e

165 1504 355 1651 apponebat.
404 1499 501 1603 Unde
521 1526 593 1604 vinc
612 1504 726 1605 leones·
740 1501 912 1567 stomacho
932 1500 1065 1602 docatus
1086 1522 1287 1649 apposusslsc

165 1583 430 1760 illiniti„
448 1588 613 1760 liiii?
630 1585 1285 1772 ‚mtttstffffltllhtlml‘h„tta

49 1782 52 1786 ’
126 1757 404 1857 „simplicitatem
446 1755 541 1824 Fecit
561 1768 667 1823 autern
691 1757 846 1823 hominem
865 1757 1068 1857 inanimatum
1088 1764 1122 1821 et
1152 1776 1284 1857 susensi·

161 1842 270 1907 hilenr.
313 1842 413 1931 Cujus
435 1863 455 1906 o
479 1863 516 1906 us
536 1841 676 1907 Minerva
696 1843 826 1916 mirata,
852 1839 1021 1930 spopondit
1040 1862 1070 1905 er
1090 1851 1142 1918 ut,
1162 1836 1285 1928 siquid

166 1927 257 1994 vellet
272 1924 314 1993 de
330 1864 515 1992 caetesulus
534 1924 576 1991 ad
595 1949 686 1993 suum
706 1949 797 2014 opus,
816 1926 995 2015 inquireret.
1024 1923 1081 1990 llle
1093 1947 1128 1987 oe
1143 1924 1286 2001 nescire,

166 2013 226 2091 ait,
253 2034 341 2099 qrtce
370 2010 457 2074 bona
480 2014 517 2073 in
549 2009 751 2075 caelestibus
783 2009 988 2076 licherentur
995 2033 1009 2087 3
1039 2009 1115 2086 sed,
1147 2006 1180 2070 si
1192 2002 1287 2091 fleri

120 2128 123 2138 ·
163 2106 289 2182 posset,
310 2117 346 2158 se
366 2116 472 2181 usque
491 2094 540 2157 cd
557 2117 697 2182 superos
717 2095 856 2169 levaret,
875 2106 978 2182 utque
999 2091 1133 2171 exinde,
1152 2090 1185 2154 si
1196 2089 1287 2239 pnirl

125 2179 263 2266 oooperi
292 2201 354 2242 suo
379 2199 571 2256 congruum
598 2190 768 2253 cerneret,
803 2178 928 2243 melina
957 2199 1122 2265 praesens
1152 2197 1195 2238 ar
1217 2175 1287 2238 iter

166 2263 314 2327 tulisset.
356 2261 412 2326 Illa
438 2242 523 2328 inter
554 2285 628 2329 oras
653 2262 863 2350 septemplicis
893 2263 991 2352 clypei
1018 2260 1173 2327 sublatum
1195 2257 1285 2324 caelo

164 2346 274 2412 intulit
315 2345 361 2414 Et
381 2344 455 2412 dum
477 2345 598 2415 videret
618 2348 765 2414 caelestia
784 2348 919 2415 animata
942 2359 977 2414 et
997 2348 1107 2433 vigore
1126 2355 1286 2430 vegetata,

164 2431 356 2498 Phoehaicis
376 2431 454 2498 rolla
475 2432 633 2521 applicans
654 2432 807 2512 faculam,
827 2432 933 2518 iguem
956 2431 1169 2520 consequitur,
1212 2435 1286 2494 uem

68 2555 72 2562 ·
167 2515 300 2583 hominis
327 2514 486 2618 applicans
517 2518 655 2604 pec'tori,
681 2520 849 2585 animatum
878 2516 1026 2597 reddidit,
1075 2451 1287 2612 Promedreus

124 2599 272 2672 asdictus
292 2624 381 2690 quasi
402 2597 615 2688 προμήθεια,
636 2601 722 2690 quod
743 2626 800 2668 nos
816 2602 922 2668 Latini
939 2601 1195 2690 providentiam
1216 2596 1286 2662 Des

167 2686 308 2752 dicimus.
351 2686 451 2760 Quasi
472 2685 541 2751 Dei
560 2687 793 2773 providentia,
812 2699 847 2755 et
865 2688 1007 2754 Minerm
1023 2683 1125 2775 qnasi
1145 2680 1288 2750 coelesti

164 2770 340 2858 sapientia
360 2769 454 2836 humo
479 2769 582 2838 lactus
603 2771 651 2838 sil.

392 2932 462 3008 64.
515 2935 706 3009 Hostia
751 2933 1062 3010 Promethei.
1107 2898 1110 2906 Ι

249 3060 374 3150 Antiqui
405 3085 501 3151 quum
539 3076 622 3134 totas
663 3064 781 3132 hostias
815 3064 897 3130 iuter
931 3084 1023 3128 sacra
1063 3064 1287 3128 consumerent

124 3147 311 3226 godamma,
340 3147 569 3229 Prometheus,
597 3150 650 3252 qui
677 3162 806 3239 propter
827 3145 1040 3214 excellentiam
1072 3144 1164 3210 animi
1186 3141 1288 3208 honri-

167 3253 224 3296 nes
245 3232 370 3298 linxisse
389 3234 591 3312 existimatur,
612 3249 798 3323 impetrasse
822 3233 942 3299 alone
962 3232 1085 3310 dicitur,
1107 3243 1143 3295 ut
1162 3239 1286 3317 partem

167 3316 290 3382 hostiae
316 3316 349 3381 in
381 3317 489 3405 iguem
517 3319 725 3409 conjicerent,
760 3330 881 3407 partem
913 3319 944 3382 in
971 3340 1030 3383 suo
1064 3321 1298 3382 consumerent'

79 3400 84 3410 '
165 3402 258 3467 victu.
302 3401 395 3475 Quae
422 3402 496 3469 duur
523 3404 719 3473 consuetudo
747 3402 953 3491 perduraret,
984 3404 1052 3491 ipse
1074 3399 1286 3466 Prometheus

167 3483 248 3550 duos
269 3497 376 3552 tauros
396 3487 580 3569 immolavit,
617 3512 750 3577 quorum
776 3488 887 3578 jecora
910 3510 1004 3576 quum
1026 3487 1158 3575 primurn
1177 3484 1208 3548 iu
1231 3503 1290 3547 ara

124 3571 345 3657 &posuissem
385 3574 465 3638 tauri
501 3575 664 3662 utriusque
702 3596 847 3651 carnem,
881 3574 913 3638 in
941 3595 1038 3645 unum
1066 3569 1286 3657 compositam,

167 3657 255 3722 corio
275 3655 391 3721 bubulo
421 3657 513 3736 texit3
545 3681 618 3725 ossa
644 3681 728 3747 quae
749 3659 866 3724 circum
890 3658 1025 3738 fuerant,
1056 3657 1174 3743 reliqua
1205 3651 1287 3741 pelle

167 3753 328 3818 contecta,
358 3741 390 3805 iu
412 3742 516 3807 medio
549 3744 728 3826 collocavit,
761 3743 832 3808 Joui
865 3743 983 3810 faciens
1014 3754 1220 3830 potestatem,
1250 3748 1288 3805 ut

165 3849 260 3913 quam
282 3825 372 3891 vellet
392 3837 531 3894 sumeret
550 3840 681 3916 partem.
726 3828 872 3915 Juppiter
892 3844 1059 3916 utrumque
1080 3839 1194 3915 putans
1215 3835 1287 3888 tau-

165 3933 235 3977 rum
251 3925 330 3990 esse,
352 3908 471 3997 delegit
491 3933 564 3994 ossa
584 3936 642 4001 pro
663 3936 721 3979 sua
736 3911 862 3978 dimidia
883 3927 981 4000 parte.
1022 3913 1169 4000 Juppiter
1189 3930 1288 3998 quum

124 3997 284 4081 40laotum
315 3996 478 4074 rescisset,
513 3998 695 4064 mortalibus
724 3999 836 4086 cripuit
868 3997 993 4084 ignem,
1026 4021 1066 4062 ne
1098 4017 1173 4062 caro
1205 3988 1287 4060 utilis

167 4094 267 4158 esset,
302 4102 398 4169 quum
420 4081 513 4168 coqui
539 4103 601 4147 nou
623 4096 739 4170 posset.
782 4084 994 4151 Prometheus
1016 4096 1137 4160 autern,
1170 4093 1288 4146 morta-

163 4164 244 4233 libus
266 4166 373 4253 ignem
395 4167 562 4235 restituere
583 4169 745 4269 cogitans,
776 4168 938 4234 Minervae
960 4169 1072 4235 auxilio
1095 4165 1217 4233 caelum
1239 4163 1288 4228 di·

164 4252 246 4319 citur
267 4246 464 4338 moendisse,
491 4263 526 4322 et
544 4250 686 4336 adhibita
712 4251 755 4323 ad
785 4251 893 4322 radios
920 4253 995 4322 solis
1023 4251 1146 4338 facula,
1177 4251 1288 4339 iguem
