2640 5130
387 624 673 730 mmmm.
727 625 767 702 a.
822 624 865 702 ι..
922 696 925 705 ,
1106 624 1193 703 ars

149 811 190 878 Si
206 813 323 900 potuit
343 834 461 878 menes
480 834 652 879 arcessere
671 815 830 902 conjugis
851 814 1017 903 Orpheus.

62 898 235 964 Accessere
252 898 352 976 euim,
384 896 499 986 iuquit,
529 898 656 986 proprie
677 899 835 966 evocantis
855 910 912 967 est.

145 1009 217 1088 22,
240 1006 308 1075 Sed
328 1006 369 1076 ad
390 1007 499 1076 Musas
517 1030 726 1078 recurramus.
766 1010 875 1078 Musas
898 1032 969 1079 esse
996 1012 1196 1089 concentumx

62 1092 173 1160 mundi
202 1094 295 1160 etiam
329 1094 438 1160 rustici
473 1093 558 1183 apud
591 1097 735 1184 antiquos
765 1105 1001 1183 cognorerunt,
1042 1092 1094 1181 qui
1128 1114 1184 1157 eas

62 1181 222 1245 Camenas
244 1179 334 1264 quasi
357 1180 513 1246 &nenos
541 1203 562 1246 a
590 1181 742 1245 canendo
769 1179 923 1248 dixerunt
981 1177 1064 1253 Quia
1090 1176 1208 1243 etiam⁶

62 1263 187 1329 caelum
207 1262 347 1349 theologi
370 1284 486 1329 canere
506 1266 761 1352 comprobarunt,
777 1288 935 1354 sonosque
955 1262 1091 1331 musicos
1112 1282 1186 1327 cae·

62 1347 188 1415 lestium
205 1349 364 1414 sacrificiis
386 1347 604 1427 adhibuerunt,
626 1348 785 1438 qui-apud
805 1352 881 1417 aiios
899 1351 966 1440 lyra
988 1346 1035 1413 rei
1055 1346 1186 1424 cithare,

60 1433 149 1519 apud
171 1434 332 1500 nonnullos
359 1433 440 1500 tibiis
471 1433 575 1501 adiisse
596 1433 720 1500 musicis
742 1437 973 1502 exercebantur
998 1432 1186 1498 inscensu

59 1520 110 1585 tis.
151 1519 238 1585 Saue
257 1541 352 1607 moys
372 1519 501 1585 Graece
518 1541 611 1606 aquo
631 1518 762 1599 dicitur;
782 1521 857 1587 iude
869 1521 960 1586 Musa
974 1516 1063 1605 quasi
1076 1536 1188 1604 equu-

61 1605 146 1668 tr'co.
182 1607 260 1705 'Aer
292 1603 374 1669 enim
405 1625 464 1690 per
491 1603 622 1670 arterias
650 1605 790 1707 canentis
824 1605 998 1704 egrediens
1002 1653 1025 1704 ³.
1052 1602 1228 1703 humorem

61 1699 553 1859 retart‘anttffltttn
579 1710 630 1839 ii
657 1686 1187 1861 tittti‘ssitfflttittttt

61 1857 174 1923 Musae
201 1877 288 1944 quae
316 1869 349 1924 et
378 1857 562 1946 Nymphae;
597 1879 676 1938 uec,
709 1872 746 1926 ut
773 1859 819 1928 nit
835 1856 992 1934 'Servium
1021 1855 1186 1922 immerito.

62 1941 145 2007 Nam
170 1962 290 2029 aquae,
320 1943 438 2030 inquit,
466 1965 563 2010 sonus
583 1943 724 2009 musicen
752 1945 868 2044 officit,
899 1944 983 2010 utin
1006 1938 1185 2028 hydrauliis,

46 2025 93 2089 no
124 2037 175 2094 est
202 2024 357 2114 aquaticis
388 2029 533 2115 organis,
562 2025 709 2095 ridemus.
765 2027 854 2096 Idem
875 2029 969 2095 etiam
998 2026 1105 2091 Varro‘
1120 2038 1184 2091 tres
1193 2038 1227 2089 to

62 2122 185 2178 tantum
218 2133 291 2177 csse
324 2112 434 2182 Musas
469 2125 709 2190 commemorat,
743 2136 854 2193 unam,
889 2132 973 2200 qnae
1008 2131 1047 2175 ex
1082 2130 1186 2197 aquae

60 2195 202 2264 nascitur
222 2206 328 2276 motu3
361 2197 507 2277 alteram,
538 2219 631 2284 quam
659 2198 741 2263 a‘e'ris
762 2199 814 2266 icti
842 2198 940 2266 efficit
968 2216 1084 2276 sonus;
1121 2206 1186 2262 ter-

62 2281 156 2359 tiam,
183 2301 267 2369 quae
289 2303 376 2347 mera
398 2293 519 2349 tantum
541 2304 619 2347 soce
640 2283 789 2349 consistit·
840 2285 964 2350 Harum
985 2300 1090 2346 rernm
1111 2277 1187 2346 caii·

89 2366 194 2432 inosas
214 2387 279 2453 ego
301 2364 495 2434 diversitates
516 2389 587 2433 meo
620 2369 781 2433 censensi
829 2370 900 2433 enio
921 2386 1090 2442 onorosas,
1117 2362 1186 2430 aliis

61 2387 292 2527 discutiendas,
331 2473 470 2540 sanaque
505 2452 763 2538 interpretatione
784 2389 1000 2519 n§incidendas
1030 2465 1228 2598 prunonem

62 2550 112 2607 ne
132 2534 180 2601 sei
216 2558 247 2600 m
293 2557 405 2602 norum
443 2536 679 2604 auctoritatibus
716 2536 864 2624 parvitas·
886 2559 957 2602 mea
993 2557 1029 2602 re
1043 2543 1186 2619 rogetur,

62 2556 337 2773 ιςὲΊιροῶΙιγὮιιε
364 2643 511 2709 promens
530 2620 740 2707 traditiones,
776 2621 978 2710 intelligendo
1008 2619 1122 2687 seciam
1151 2629 1187 2686 ut

61 2727 123 2771 ιιιι
153 2727 184 2771 ιιι
238 2726 332 2791 rgann
664 2738 668 2745 ·

441 2889 482 2964 9.
540 2893 810 2993 Mercurius.

146 3024 177 3091 l.
199 3021 382 3092 Secundum
395 3023 482 3092 Josis
503 3024 598 3094 filium
618 3027 811 3094 Mercurium
831 3027 947 3108 volunt,
967 3025 1119 3094 sermonis
1132 3025 1227 3092 sias

62 3108 178 3178 delicet
194 3119 227 3176 et
239 3109 437 3198 eloquentiae
448 3109 554 3179 deum.
595 3113 693 3178 Hunc
707 3111 858 3177 medium
875 3123 1078 3182 currentem.
1097 3108 1187 3200 quod

60 3216 169 3265 sermo
185 3194 268 3263 iuter
301 3196 383 3261 duos
411 3195 542 3274 seritur,
575 3195 623 3262 rei
650 3207 880 3287 mercatorum
909 3192 1038 3282 κύριον,
1071 3193 1106 3262 id
1137 3208 1195 3263 est

59 3280 257 3360 dominum,
292 3279 339 3346 rei
359 3277 533 3346 secundum
562 3280 767 3369 Fuigentium
795 3303 922 3346 merces
941 3291 1121 3344 curantem
1139 3279 1187 3345 iu·

60 3375 284 3453 terpretautur.
326 3363 562 3433 Praeestenim
577 3365 814 3443 mercatoribus,
835 3365 916 3431 inter
935 3386 1014 3452 quos
1034 3363 1186 3429 sermonis

62 3449 161 3517 sirtns
190 3460 225 3517 et
250 3448 375 3517 muteia
400 3448 534 3516 maxime
564 3451 660 3539 viget
715 3448 840 3515 Dicitur
859 3449 892 3514 in
919 3446 1054 3515 Arcadia
1080 3456 1227 3528 natue„

61 3531 150 3623 quod
177 3534 258 3601 haee
284 3535 378 3621 regio

61 3616 194 3687 studuit.
245 3617 373 3686 Ih'citur
402 3557 535 3687 deorum
560 3619 673 3709 nuptiis
692 3618 862 3698 interesse,
893 3615 980 3708 quod
1010 3617 1042 3683 iu
1071 3619 1187 3707 nuptiis

61 3702 356 3792 cumplurimum
383 3705 474 3772 salet
533 3703 583 3771 Ibi
610 3705 690 3770 enim
722 3704 910 3771 internuntia
943 3702 992 3769 cei
1018 3702 1186 3784 missatica,

62 3800 96 3858 et
112 3785 148 3854 id
172 3809 279 3878 genus
297 3787 429 3877 plurima
441 3788 630 3858 discurrunt.
670 3788 794 3855 Dicitur
805 3801 879 3878 post
890 3787 1060 3876 Apollinem
1074 3800 1186 3870 natum

62 3873 151 3963 prius
170 3874 255 3943 euim
287 3871 372 3963 apud
401 3898 437 3942 sa
459 3876 559 3943 ientes
586 3873 762 3954 consilium,
826 3872 890 3941 uod
917 3894 976 3963 per
1004 3873 1227 3960 Apollinemne

62 3960 159 4027 deum
199 3958 388 4046 sapientiae,
429 3897 634 4048 designatur,
669 3959 700 4024 in
727 3898 864 4045 quaiidet
878 4000 881 4006 -
897 3981 933 4024 re
958 3960 1222 4045 excogitatum]

63 4043 181 4111 deinde
200 4065 366 4123 sermone,
390 4046 443 4132 qui
465 4068 521 4135 per
531 4045 733 4111 Mercurium
761 4045 959 4147 intelligitur,
993 4045 1079 4194 ‹Rr'od
1112 4068 1187 4134 pro·

63 4131 163 4198 visum
192 4128 288 4196 fucrit
318 4130 506 4199 enuntiatur.
547 4130 657 4216 Fingit
687 4151 760 4194 eum
781 4129 955 4196 Martianus
976 4128 1004 4194 P
1027 4128 1186 4216 'loiogiam

63 4237 195 4282 uxorem
227 4212 373 4294 duxisse,
408 4215 500 4302 eique
519 4215 581 4281 vll
604 4228 688 4280 artes
717 4212 858 4283 liberales
891 4216 922 4280 in
949 4213 1056 4280 dotem
1075 4228 1187 4281 contu·
1272 4276 1276 4283 .

62 4300 144 4368 tuse.
188 4297 368 4385 Philologia
385 4301 484 4387 igitur
503 4299 660 4364 studium
681 4297 728 4362 vei
747 4322 844 4363 annor
866 4299 1014 4363 rationis
1033 4300 1228 4388 interpreeo

64 4398 168 4467 tatur3
223 4384 329 4451 unitur
348 4398 452 4452 autern
474 4387 505 4452 in
527 4407 662 4472 persona
688 4383 832 4459 rationis,
862 4383 1039 4451 Mercurius
1060 4405 1134 4449 sero
1154 4384 1187 4449 in

63 4472 166 4539 similit
211 4468 452 4537 ‘efacundiae
471 4485 504 4538 et
534 4467 694 4536 sermonis.
747 4470 853 4543 Quum
881 4488 962 4568 ergo
989 4467 1019 4531 in
1048 4468 1188 4568 sapiente

63 4557 145 4623 haec
165 4553 245 4629 dum
256 4553 473 4633 convenerint,
504 4567 537 4621 et
557 4577 689 4620 acumen
712 4553 853 4620 videlicet
873 4553 1000 4619 retronis
1021 4565 1053 4618 et
1077 4558 1188 4621 iacun·

65 4640 117 4709 dia
152 4639 327 4723 sermonis,
367 4651 443 4708 tuuc
473 4638 706 4729 quodammodo
740 4638 915 4706 Mercurius
949 4650 980 4704 et
1012 4637 1188 4728 Philologia

429 3534 594 3622 raecipue,
636 3544 673 3603 ut
699 3535 743 3601 ait
771 3529 957 3623 Remigius,
985 3530 1187 3619 eloquentiae
