2640 5130
151 600 247 687 aro,
446 605 628 708 upum.
655 605 727 680 ur.
781 605 821 678 a.
874 601 1018 681 a-a.

155 783 268 852 oblivia
288 782 392 853 senilis
413 797 472 866 est,
492 787 585 854 morti
605 808 733 875 semper
753 784 863 881 ricipa.
910 783 1008 862 Quod
1022 795 1131 855 autem
1143 783 1286 854 Lethaeo

157 883 287 959 gustaro
309 872 473 957 linguntur
493 872 615 937 animae
636 872 678 937 ad
699 894 836 958 corpora
864 870 943 937 rebe
973 873 1107 952 reverti,
1147 868 1190 938 ad
1219 868 1287 938 alti·

158 978 247 1023 orem
269 969 395 1043 spectat
412 955 668 1044 pbilosophorum
688 958 899 1024 traditionem.
940 957 1045 1032 Quam
1061 956 1137 1045 quia
1154 952 1286 1023 rudibus

158 1039 290 1108 arduam
312 1041 399 1116 nori,
427 1040 500 1107 lruic
523 1042 668 1107 tractatui
690 1042 791 1108 minus
812 1042 960 1107 idoneam
975 1041 1127 1130 judicari.

134 1147 154 1197 a
242 1127 273 1191 8.
317 1125 539 1192 Verumtamen
562 1139 596 1193 ut
618 1125 660 1190 de
679 1124 847 1194 indefinitis
869 1140 902 1193 et
928 1124 1192 1194 inextricabilibus
1211 1143 1286 1224 pau·

158 1211 285 1277 cissima
313 1219 347 1275 et
375 1209 530 1277 levissima
557 1233 722 1289 eruamus,
754 1234 795 1278 ue
825 1212 952 1278 omnino
974 1212 1005 1277 in
1026 1212 1093 1292 his,
1124 1211 1156 1275 in
1176 1210 1287 1301 qarbus

159 1294 294 1361 masinae
312 1291 489 1363 laboratum
511 1307 575 1372 est,
599 1295 839 1385 incompetentia
860 1297 971 1363 silentii
986 1317 1180 1384 arguamur3
1191 1292 1286 1442 p‘uxts

161 1377 436 1468 pbilosophorum,
473 1379 538 1446 sire
565 1381 684 1466 magis,
722 1392 757 1449 ut
786 1379 915 1470 quidam
940 1379 1065 1461 deant,
1109 1380 1286 1445 lriroeruar

163 1463 345 1552 opiniones,
377 1464 499 1531 animae
519 1466 560 1531 ab
580 1464 667 1533 initio
693 1465 800 1533 mundi
828 1480 957 1533 creatae
976 1479 1011 1532 et
1029 1467 1060 1532 in
1082 1465 1178 1533 stellis
1204 1485 1287 1531 com·

123 1549 292 1638 inparibus
356 1549 435 1615 sitae
459 1562 548 1631 eunt,
577 1563 614 1617 ut
641 1550 858 1619 rationabilem
883 1551 928 1617 ibi
956 1562 1076 1620 motum
1103 1546 1287 1617 firmamenti

164 1644 310 1719 contemp
322 1648 466 1713 arentur,
497 1649 530 1704 et
550 1658 624 1702 cum
643 1657 701 1724 spe
720 1648 754 1704 et
774 1634 931 1704 desiderio
953 1658 1096 1703 summac
1124 1631 1286 1702 beatitudi-

164 1718 212 1784 nis
232 1717 321 1785 incer
344 1731 527 1801 orarentur,
556 1733 593 1788 ut
612 1719 786 1787 secundum
806 1734 928 1789 motum
947 1722 1135 1788 firmamenti
1155 1739 1287 1807 corpora

164 1741 388 1871 rationabilter
408 1817 576 1892 regerere
606 1805 650 1872 ibi
681 1819 787 1874 autem
818 1818 996 1887 morantes,
1041 1808 1083 1870 ab
1111 1805 1217 1886 omni,
1253 1816 1288 1871 ut

165 1889 269 1969 a'unt,
299 1911 455 1979 corporea
476 1891 666 1979 contagione
685 1889 818 1970 liberae,
839 1891 962 1959 caelum
982 1888 1199 1979 possiderent,
1218 1908 1287 1978 per·

125 1989 161 2042 tt
170 1913 347 2064 ductamque
371 1975 509 2042 emnium
537 1988 572 2044 et
597 1977 836 2079 praeteritorum
862 1989 896 2045 et
923 1975 1134 2064 praesentium
1168 1975 1287 2041 saturo·

164 2068 300 2149 'rumque
318 2061 497 2128 obtinerent
517 2060 739 2147 cogitationem.
774 2062 869 2137 Quae
889 2083 965 2128 vero
985 2060 1200 2150 appetentiam
1219 2078 1288 2127 ccr-

165 2145 269 2234 poris,
304 2157 337 2212 et
357 2145 449 2234 liujus
469 2167 565 2233 quam
588 2146 621 2211 in
649 2157 736 2213 terre
763 2146 858 2214 uitam
879 2169 1047 2224 vocamus,
1084 2147 1125 2212 ab
1145 2144 1197 2211 illa
1217 2164 1285 2231 spe

167 2229 239 2295 cula
259 2227 407 2297 altissima
426 2241 460 2297 et
511 2242 642 2318 erpetua
669 2230 741 2297 luce
768 2230 961 2319 despiciens,
997 2230 1157 2297 desiderio
1186 2226 1303 2296 tatae

167 2338 207 2382 co
232 2315 370 2393 ‘taverit,
431 2337 471 2380 cn
495 2338 550 2380 ere
575 2314 644 2402 ipso
675 2330 821 2383 terrenae
854 2316 1055 2404 cogitationis
1082 2314 1233 2404 paulatim
1256 2312 1286 2378 in

125 2400 199 2466 sain
214 2400 316 2465 eriora
334 2337 497 2466 delallitur.
538 2401 611 2467 Nec
630 2402 734 2468 subito
755 2399 883 2488 quidem
904 2425 924 2469 a
944 2401 1088 2490 perlecta
1107 2400 1287 2549 incorpora-

167 2484 254 2552 litate
272 2484 390 2551 luteum
419 2508 535 2574 corpus
561 2483 719 2566 induitur,
750 2484 809 2552 sed
836 2486 952 2554 sensim
981 2508 1039 2574 per
1067 2486 1166 2554 tacita
1217 2483 1285 2550 etri·

167 2580 293 2650 menta,
329 2580 362 2637 et
380 2568 557 2657 longiorem
576 2570 723 2657 simplicis
745 2571 1048 2639 etrabsolutissimae
1074 2566 1219 2673 puritatis
1238 2589 1287 2634 re·

168 2675 292 2721 cessum
322 2653 354 2719 in
384 2654 542 2743 quaedam
563 2657 703 2744 corporis
727 2654 919 2725 incrementa
945 2668 1112 2744 turgescat.
1161 2654 1199 2719 ln
1227 2651 1288 2719 sin-

168 2739 249 2825 gulis
281 2740 364 2805 enim
391 2740 551 2828 sphaeris,
589 2763 673 2828 quae
702 2741 792 2806 caelo
817 2743 981 2833 subjectae
1016 2754 1109 2820 sunt,
1153 2735 1288 2827 quadam

126 2824 318 2895 asuetberea
342 2825 543 2891 obvolutione
565 2826 708 2905 vestitur,
743 2839 778 2892 ut
805 2849 863 2916 per
892 2851 947 2894 eas
968 2826 1127 2914 gradatim
1147 2822 1289 2891 societati

168 2908 261 2996 hujus
281 2907 454 2978 indumenti
474 2909 566 2978 testei
585 2911 783 2988 concilietur;
803 2926 985 3013 quantoque
999 2911 1117 2997 ubique
1135 2929 1292 2997 corporea

54 3027 57 3036 ·
169 2992 437 3064 circumductione
448 2995 596 3076 induitur,
615 3002 703 3064 tauto
723 2995 838 3063 ibidem
858 2999 1007 3085 pristinae
1021 2995 1182 3075 scientiae,
1196 3013 1290 3082 quarn

170 3080 270 3169 potita
302 3093 370 3162 est,
406 3081 625 3162 subtilitatem,
661 3084 889 3184 virtutumque,
949 3104 1006 3148 uas
1039 3091 1171 3147 catenus
1206 3075 1290 3147 aclas

170 3177 375 3247 exercuerat,
410 3165 636 3257 perlectionem
656 3168 747 3234 obrui
768 3179 892 3255 patunr.
965 3165 1046 3234 rabit
1068 3164 1151 3231 enim
1171 3183 1290 3241 secum,

130 3262 208 3329 aaut
228 3262 407 3328 autumant,
441 3264 604 3341 torporem
631 3254 828 3332 aSaturno,
861 3252 1006 3320 alllarte
1031 3247 1244 3327 iracundiam,
1271 3269 1291 3348 ἦ

173 3339 297 3404 Venere
316 3338 485 3417 libidinem,
505 3362 524 3405 a
540 3337 699 3406 Mercurio
719 3339 797 3405 lucri
817 3337 1029 3427 cupiditatem,
1058 3359 1078 3399 a
1096 3334 1178 3399 Jorc
1198 3353 1291 3420 regor

170 3422 371 3491 desiderium.
413 3425 507 3499 Quae
526 3446 596 3504 res,
616 3434 652 3492 ut
671 3424 775 3514 ajunt,
794 3422 1060 3511 perturbationem
1081 3419 1141 3506 ipsi
1163 3417 1291 3494 faciunt,

172 3530 214 3574 ne
235 3532 294 3576 suo
314 3510 424 3597 rigore
451 3522 485 3578 et
504 3508 619 3583 riribus
642 3510 776 3600 propriis
801 3509 845 3575 uti
874 3509 982 3597 possit
1023 3506 1097 3571 Hac
1125 3504 1220 3570 etiam
1241 3523 1292 3569 ra·

172 3595 259 3661 tione
278 3596 445 3746 perhibent
466 3595 693 3677 mathematici,
731 3593 817 3684 quod
838 3591 1031 3680 singulorum
1054 3588 1215 3656 numinum
1235 3609 1295 3677 po-

131 3679 276 3754 astestati

258 3767 289 3832 9.
331 3765 483 3852 Reliqua,
519 3787 603 3854 quae
633 3763 675 3832 de
704 3764 751 3833 bis
780 3762 883 3831 sanxit
915 3760 1082 3847 antiquitas
1114 3757 1218 3825 minus
1251 3752 1293 3821 ad

173 3848 257 3915 benc
277 3872 343 3915 rem
366 3852 522 3952 pertinere
548 3851 612 3918 risa
632 3861 723 3930 sunt;
755 3846 797 3915 de
824 3850 938 3936 quibus
963 3857 1067 3913 tarnen
1097 3840 1213 3930 aliquid
1234 3861 1293 3906 sao

173 3931 245 3999 loco
266 3948 497 4023 perstringetur
516 3936 656 4002 inferius.
695 3934 872 4022 Assplaoetis
892 3953 968 3998 uero
985 3953 1042 4032 per
1054 3929 1202 3995 inferiora
1221 3925 1295 3992 des·

175 4016 332 4099 cendens,
369 4021 460 4087 variis
498 4021 679 4088 tumultibus
714 4022 855 4108 pulsatur
882 4015 1071 4106 grandruunr
1103 4025 1140 4079 et
1167 4013 1293 4087 uirium,

134 4120 170 4172 40
198 4102 348 4170 luriarum
372 4121 406 4173 et
427 4114 606 4188 ventorum3
640 4104 831 4193 tandemque
857 4103 994 4171 tenebris
1023 4100 1165 4186 corporis
1195 4098 1293 4162 obro-

176 4125 260 4270 llrta‚
287 4189 370 4256 adeo
391 4190 495 4280 rigida
517 4192 659 4280 corporis
680 4189 763 4257 mole
781 4201 950 4277 gravatur,
973 4199 1008 4252 ut
1028 4185 1184 4260 omnium,
1210 4202 1295 4269 quae

301 3704 337 3747 us
359 3680 492 3746 connexi
511 3681 617 3747 simus.

174 4285 248 4340 ”¹¹1⁸
267 4290 414 4353 ”melate
442 4275 657 4347 obliviscatur.
693 4275 829 4362 nihilque
844 4274 912 4364 jam
933 4272 1044 4360 prioris
1063 4282 1164 4337 status
1184 4286 1295 4332 recor-

173 4355 287 4441 detnr3
315 4363 402 4449 quod
423 4361 518 4429 etiam
537 4362 569 4429 in
587 4361 718 4430 stultitia
738 4382 906 4447 puerorum
934 4370 1038 4446 patet,
1073 4355 1125 4441 qui
1154 4352 1296 4418 carbone

111 4522 114 4528 ,
172 4440 300 4511 lucente
328 4446 453 4535 decepti
477 4446 655 4516 laeduntur.
706 4445 967 4513 Obvoluticnibus
987 4453 1090 4507 autem
1110 4438 1167 4504 illis
1189 4449 1295 4504 utrum

132 4527 415 4618 reincorporentur
443 4554 484 4599 an
511 4555 590 4612 ucn,
630 4533 743 4600 diuersi
771 4533 893 4597 diuersa
917 4528 1063 4595 sentiunt.
1116 4523 1180 4598 Qui
1209 4521 1295 4588 enim

172 4614 308 4681 animam
334 4617 390 4684 illis
421 4616 617 4707 incorporari
646 4631 783 4705 negant,
823 4626 984 4693 asserunt,
1025 4607 1112 4697 quod
1145 4628 1202 4697 per
1230 4606 1293 4672 boe
