2640 5130
139 619 220 698 aaa
415 603 596 718 nyusp.
621 615 675 700 11.
730 551 877 691 aoa-
899 615 995 693 aas.

141 806 183 871 ab
211 797 364 888 Aegistho
391 793 550 876 adultero,
578 795 729 886 'rtyestts
757 808 790 866 et
813 798 967 889 Pelopiae
990 800 1071 867 tiliae
1093 826 1170 870 suae
1192 821 1276 874 nato.

142 888 268 955 cociam
296 896 361 967 est3
385 903 489 1033 (poem
518 894 629 970 postea
650 881 802 963 Orestes,
832 907 929 973 quom
952 886 1156 970 adolevisset,
1189 893 1277 957 sirnnl

143 995 217 1040 cum
253 981 355 1037 matre
415 966 616 1055 lytemnestra
649 966 682 1031 in
713 967 862 1035 ultionem
893 973 990 1058 patris
1018 974 1143 1042 oceidit
1204 980 1277 1050 Quo

143 1055 273 1126 erimine
293 1075 389 1144 quum
408 1050 439 1116 in
461 1054 628 1119 amentiam
653 1074 760 1119 versus
787 1058 993 1134 surrexisset,
1027 1060 1120 1125 amici
1148 1061 1276 1150 Pyladis

119 1143 281 1219 emunito,
321 1135 363 1204 ad
397 1135 557 1204 evitandas
591 1137 706 1203 Furias
742 1150 804 1204 tem
827 1138 890 1205 lum
925 1141 1071 1210 nottinis
1103 1146 1277 1231 ingressus,

145 1250 243 1316 quom
264 1221 355 1290 vellet
375 1220 480 1319 exire,
500 1222 680 1288 invaserunt
699 1245 772 1289 eum
792 1224 921 1292 bariae.
986 1228 1037 1292 inc
1058 1243 1126 1298 est:
1151 1233 1275 1296 Sedent

142 1312 286 1378 ultrices
306 1308 344 1371 in
367 1306 489 1371 lumine
509 1306 619 1372 dirae.
650 1307 758 1380 Quum
777 1330 852 1375 vero
875 1313 917 1377 ab
938 1312 1058 1378 insania
1080 1338 1192 1381 carere
1214 1340 1275 1380 non

142 1407 267 1486 posset,
298 1389 462 1457 oraculum
483 1390 569 1458 adiit
611 1390 674 1459 cai
693 1414 878 1480 responsum
908 1410 974 1476 est,
1002 1398 1153 1464 siceum
1179 1424 1277 1486 pus-se

142 1479 283 1554 senari,
309 1477 342 1541 si
362 1474 504 1540 Dianae
525 1475 705 1563 Scythicae
728 1480 954 1545 simulacrum
979 1481 1021 1545 de
1046 1481 1198 1546 Titarion
1219 1509 1277 1546 re-

103 1592 139 1643 1⁰
171 1565 247 1629 ione
261 1561 388 1648 ferret.
440 1559 516 1626 Mox
545 1583 642 1648 quum
665 1561 796 1628 curandi
815 1563 929 1630 suroris
952 1567 1057 1651 gratia
1079 1590 1152 1632 cum
1174 1570 1275 1634 amieo

142 1587 268 1738 iylade
298 1643 437 1712 Colchos
469 1657 607 1733 peteret,
648 1668 668 1712 a
705 1669 817 1714 sorore
844 1650 988 1736 agnitus,
1020 1650 1087 1738 ejus
1121 1675 1300 1720 consensu.

143 1733 253 1801 occiso
274 1752 354 1818 rege
371 1730 537 1805 Thoante,
571 1729 770 1799 simulacrum
798 1735 921 1802 sustulit
945 1737 1165 1804 absconditum
1189 1739 1276 1803 fasce

143 1820 304 1905 lignorum
325 1813 430 1902 (unde
449 1829 483 1884 et
498 1815 654 1881 Formiis
669 1816 795 1898 dieitur,
813 1841 875 1885 non
899 1831 1017 1889 tantum
1039 1845 1059 1888 a
1082 1822 1175 1900 face,
1205 1849 1276 1889 curn

145 1925 210 1994 qua
229 1901 386 1991 pingitur,
407 1899 466 1966 sed
486 1912 518 1967 et
538 1922 559 1965 a
578 1897 675 1980 fasee
694 1901 890 2054 lignorum),
912 1905 1001 1972 etad
1022 1906 1141 1974 Italiam
1157 1908 1277 1982 detulit,

105 1988 305 2062 recollocans
325 1987 357 2051 in
378 2007 508 2051 nemore
534 1984 669 2051 Aricino.
739 1987 779 2053 ed
801 2012 896 2076 quum
918 2003 1032 2078 postea
1053 1992 1204 2059 Romanis
1226 2021 1276 2061 sa-

146 2096 274 2143 crorum
295 2069 464 2139 erudelitas
487 2068 683 2157 displiceret,
711 2095 901 2163 quamquam
929 2077 1009 2142 servi
1032 2076 1275 2155 immolarentur,

145 2158 189 2227 ad
214 2159 362 2224 Lacones
392 2167 441 2222 est
468 2155 633 2234 translatu,
665 2155 773 2246 ibique
795 2160 942 2226 sacrificii
971 2163 1169 2229 consuetudo
1199 2165 1275 2230 ado-

144 2245 318 2312 lescentum
345 2238 528 2306 verberibus
556 2241 757 2323 servabatur,
787 2244 841 2331 qui
863 2246 1059 2313 vocabantur
1078 2251 1277 2336 βωμονίκαι.

145 2331 192 2398 Hi
220 2329 340 2397 tamdiu
368 2323 628 2411 flagellabantur,
661 2324 767 2394 donec
792 2350 887 2396 cruor
914 2353 953 2396 ex
984 2332 1121 2399 humano
1142 2356 1277 2423 corpore

104 2416 271 2489 souuerse
312 2409 510 2499 superpositi
538 2410 620 2475 enim
642 2411 704 2476 eris
726 2413 978 2493 contendebant,
1010 2418 1064 2505 qui
1090 2418 1181 2520 plura
1209 2444 1277 2485 ver-

146 2503 224 2567 bera
245 2507 374 2588 possent
392 2494 556 2563 sustinere.
599 2495 723 2562 Orestis
743 2519 817 2564 vero
837 2523 927 2578 ossa,
953 2503 994 2569 ab
1016 2503 1120 2570 Ariola
1140 2504 1277 2575 Romam

145 2584 315 2665 translata,
337 2593 412 2649 aute
431 2579 581 2668 templum
603 2581 732 2653 Saturni
753 2595 827 2652 sunt
845 2586 957 2674 posita.

372 2751 468 2828 203.
528 2755 750 2854 Juppiter
785 2771 827 2834 et
863 2755 1048 2859 Aegina.

233 2881 448 2974 Juppiter,iu
480 2881 614 2969 aquilam
649 2895 802 2959 mutatus,
824 2886 996 2973 Aeginam,
1019 2887 1114 2974 Asopi
1142 2889 1277 2957 fluminis

108 2971 260 3051 aebliam,
291 2968 413 3057 rapuit3
449 2978 483 3033 et
502 2990 571 3033 eam
593 2966 718 3048 vitians,
751 2971 847 3036 filium
870 2972 994 3037 nomine
1019 2977 1157 3038 Aeacum
1179 2999 1217 3041 ex
1239 3000 1278 3043 ea

149 3048 298 3145 suscepit
341 3055 447 3129 Quam
474 3063 597 3138 raptam
616 3075 712 3140 quum
735 3067 825 3141 pater
845 3079 948 3145 aequo
977 3058 1081 3134 animo
1110 3059 1195 3125 serre
1216 3083 1277 3126 non

149 3157 275 3249 posset,
296 3139 380 3209 omni
401 3158 593 3225 aquaruma
621 3139 704 3203 mine
733 3140 854 3208 eaelum
885 3142 1031 3230 petebat,
1065 3143 1136 3208 Jovi
1164 3144 1278 3213 bellum

149 3229 297 3296 reserens
347 3225 422 3299 Quo
457 3221 559 3302 sacto,
594 3159 681 3290 ioris
711 3223 839 3292 fulmine
873 3250 1041 3315 percussus
1071 3240 1129 3294 est
1177 3231 1279 3298 Cu'us

150 3314 299 3382 infamiae
337 3307 488 3378 memoria
519 3317 554 3374 ut
572 3307 604 3372 iu
633 3321 797 3377 aeternum
834 3325 991 3390 maneret,
1026 3312 1140 3379 dicitur
1168 3257 1275 3397 hodie,

110 3401 204 3476 acillo
225 3411 387 3487 tempore,
408 3414 471 3484 quo
491 3393 574 3460 ictus
596 3405 661 3474 est,
692 3396 800 3484 prunis
821 3396 1005 3465 ardentibus
1025 3400 1134 3464 lluere.

541 3562 638 3638 2021.
691 3561 885 3641 Aeaeus.

236 3697 375 3768 Aeacus,
405 3690 486 3758 filius
505 3691 592 3779 Joyis
614 3703 647 3758 et
665 3692 805 3780 Aeginae
827 3693 987 3781 Asopidis,
1009 3719 1106 3784 quum
1126 3700 1282 3786 Aeginam

151 3780 284 3850 insulam
299 3777 469 3856 incoleret,
491 3789 522 3843 et
543 3799 676 3871 gravem
718 3778 903 3860 estilentianr
925 3781 943 3844 J
949 3783 1057 3849 unonis
1078 3785 1126 3849 ira
1147 3787 1283 3853 sustine-

152 3879 220 3941 ret,
250 3863 399 3953 precibus
419 3863 666 3928 misericordiam
687 3802 775 3929 ibris
792 3863 977 3952 impetravit
1018 3868 1124 3941 Quum
1146 3871 1228 3937 enim
1251 3875 1283 3939 in

111 3955 269 4020 assrbme
287 3949 339 4014 fici
362 3947 525 4028 formicas,
548 3947 580 4013 id
610 3960 659 4015 est
679 3943 876 4038 μύρμηκας,
908 3950 1051 4031 vidisset,
1084 3957 1203 4042 optavit
1225 3959 1284 4023 sibi

154 4051 203 4106 tot
231 4033 336 4103 socios
364 4032 498 4098 euenire.
552 4033 596 4099 Et
625 4034 729 4100 statim
760 4033 911 4101 formicae
941 4036 972 4100 in
1003 4038 1144 4106 homines
1172 4064 1284 4109 versae

154 4135 245 4203 sunt;
267 4118 353 4184 unde
374 4117 450 4185 dicti
470 4129 544 4185 sunt
574 4116 863 4206 Myrmidones.
914 4118 988 4186 Hae
1021 4136 1128 4191 autem
1157 4125 1284 4194 fabulae

153 4221 235 4276 sunt
277 4201 345 4271 Sed
365 4225 474 4271 verum
495 4216 561 4286 est,
583 4203 796 4292 Myrmidones
814 4202 916 4272 dictos
939 4228 959 4274 a
980 4229 1061 4296 rege
1075 4209 1284 4300 Myrmidoue.

420 4403 517 4479 205.
578 4407 745 4481 Peleus
772 4417 819 4480 et
844 4406 1022 4484 Thetis.

113 4569 151 4621 40
246 4543 354 4618 Quom
380 4534 526 4624 Juppiter
554 4532 645 4601 vellet
674 4531 862 4614 Thetidem,
894 4533 1113 4632 Nympharum
1144 4551 1287 4623 matrem,

155 4631 292 4711 ducere,
315 4627 381 4693 lata
400 4620 708 4711 praetereundos
729 4618 816 4710 quod
836 4618 959 4709 proles,
978 4644 1062 4709 quae
1091 4639 1287 4733 nasceretur,
