2640 5130
353 643 532 749 mquam
560 644 611 719 11.
666 643 743 717 ιιι
761 641 920 716 ..ann
1123 640 1202 718 rso

442 828 536 905 221.
590 834 831 934 Bupalus.

164 958 321 1048 Bupalum
347 957 456 1027 dieunt
482 959 641 1048 quendam
674 962 827 1051 pictorem
855 959 954 1026 fuisse
977 954 1062 1044 opud
1084 947 1210 1023 (liano-¹

81 1065 207 1124 menas,
235 1045 388 1114 civitatem
410 1045 517 1123 Asine,
548 1045 602 1133 qui
628 1047 671 1113 Hi
716 1057 862 1114 onaotem
890 1040 1046 1132 quendam
1072 1047 1197 1131 poetam

80 1129 255 1195 deformem
292 1150 351 1218 per
385 1130 480 1196 risum
512 1130 618 1217 pinxit
672 1071 757 1200 dfine
787 1131 839 1196 ilio
870 1137 1046 1197 commotos
1079 1127 1196 1206 furore,

80 1214 133 1280 rat
165 1213 303 1280 carmine
330 1213 486 1302 Bupaium
519 1214 668 1303 percutit,
709 1230 745 1286 ut
773 1216 856 1284 vitae
882 1234 997 1282 exosus
1025 1211 1137 1323 iaqueo
1161 1231 1243 1280 sen·

77 1297 295 1391 suspenderet.

254 1427 261 1439 ⁶
414 1439 511 1517 222.
563 1444 853 1544 Tyrtoeus.

158 1571 320 1661 Tyrtaeus
347 1577 458 1675 putta,
495 1592 616 1660 genere
647 1571 858 1652 Atheniensis,
887 1592 961 1637 euro
982 1548 1073 1660 parde
1095 1592 1194 1638 mem-

76 1660 205 1722 brorum
227 1655 376 1725 deformis
398 1658 472 1738 suit;
501 1660 554 1747 qui
603 1658 697 1727 rimus
725 1658 833 1724 tubam
852 1656 988 1737 invenit;
1015 1678 1078 1744 quo
1099 1658 1193 1723 etiam

76 1741 321 1808 Lacedaemonii
351 1744 400 1810 usi
427 1741 526 1824 duee,
591 1742 731 1811 essenios
760 1741 904 1808 feruntur
922 1741 1041 1808 risisse.
1084 1740 1192 1815 Quum
1201 1759 1236 1808 lo

74 1827 157 1893 enim
185 1827 332 1896 diuturno
363 1838 506 1917 tempore
539 1827 621 1894 inter
650 1824 923 1894 Lacedaemonios
958 1838 991 1893 et
1019 1826 1193 1892 Messenios

75 1911 189 1977 beiiurn
220 1911 417 1990 traheretur,
451 1911 683 2011 oonspientibns
709 1910 970 2011 Lacedaemoniis
990 1911 1193 2009 abodpoiiine

72 1996 1193 2168 itittttstoffissttt²⁶tttt‘'⁰⁸stit'itti}²ittzit‘t‘t

71 2164 249 2256 Tyrtaeum
278 2160 443 2232 dederont.
484 2165 530 2232 Mt
557 2163 601 2233 ita
626 2167 677 2236 Lu
739 2165 891 2248 aemonii,
920 2186 1003 2231 noro
1024 2165 1234 2234 tribuero-1⁶

71 2249 140 2319 nito
161 2249 271 2318 hostes
292 2261 447 2332 terrente,
476 2249 625 2319 rioerunt.
965 2281 971 2292 ·

411 2424 415 2433 ’
449 2412 546 2493 225.
606 2413 813 2491 lun-bita.

152 2543 274 2614 torbtrs
293 2541 421 2610 ustione
437 2542 566 2610 Maurus
587 2540 654 2610 suit.
695 2542 758 2618 Qui
778 2565 876 2631 quum
890 2541 1103 2632 Timsgeuem
1124 2541 1195 2630 pbi-

66 2631 78 2696 Ι
159 2631 238 2697 bum
277 2626 373 2695 doote
410 2626 635 2696 declamantem
674 2625 832 2698 ineassum
871 2628 983 2700 imitari
1014 2641 1193 2706 nonoretur,

66 2717 161 2783 iuri‘
204 2711 441 2806 quodammodo
465 2712 611 2801 diruptus
632 2712 774 2780 traditur.
998 2742 1001 2747 >
1199 2740 1237 2788 ω

448 2891 545 2968 224.
596 2892 817 2997 Mopsus.

150 3022 305 3113 Mopsus,
333 3022 359 3088 Α
412 3018 479 3087 iinis
506 3029 539 3086 et
562 3018 687 3090 Mantus
706 3017 806 3098 fliius,
835 3028 869 3086 et
888 3016 1026 3088 Cniobss
1045 3019 1197 3107 dicuntur¹

63 3111 98 3176 is
128 3110 266 3200 Grynoo
294 3108 364 3196 Apo
396 3104 427 3171 ni
455 3116 643 3173 oomoorato
673 3125 802 3171 nemore
828 3099 871 3169 de
897 3104 1009 3193 peritia
1036 3103 1194 3174 divinandi
1251 3126 1254 3131 ·

63 3198 148 3263 inter
175 3216 214 3261 so
240 3203 402 3260 eorunm
431 3187 589 3259 babuisse.
628 3189 674 3257 Et
700 3211 799 3278 quum
819 3186 862 3253 de
882 3211 1048 3278 pomorum
1071 3192 1192 3260 arboris
1299 3220 1301 3223 ·

63 3277 235 3383 eujusdam
255 3275 486 3344 contenderent
501 3294 656 3376 pumero,
686 3272 773 3345 stetit
798 3270 902 3366 glorio
924 3273 1049 3366 Mopso.
1089 3277 1237 3366 eujusas

63 3387 110 3433 rer
129 3363 244 3432 dolore
264 3359 403 3429 Oaiobos
421 3359 546 3427 interut.
591 3371 594 3378 '

423 3528 520 3606 225.
572 3512 835 3633 Apinius(

144 3659 277 3751 span·
297 3656 428 3749 ,naam
448 3655 667 3726 varnasona,
691 3656 759 3737 ms
784 3656 837 3745 qn
853 3654 895 3723 n
908 3654 1081 3728 aaaron
1096 3632 1192 3729 nuo

60 3745 203 3838 scripsit·
241 3746 461 3836 Postquome
503 3764 638 3809 oomne
690 3742 868 3809 trimonium
879 3740 1071 3833 dilapidavit,
1092 3749 1194 3836 quum'

59 3855 163 3921 egere
183 3830 366 3923 ooepisset,
386 3851 450 3897 uon
488 3850 580 3896 erens
600 3848 642 3919 pu
666 3849 771 3910 orem,
791 3848 913 3924 veneno
932 3829 1035 3919 periit·
1197 3829 1237 3878 ⁸⁰

426 4008 523 4085 226.
576 4006 841 4107 Opimius,
940 4076 945 4084 .

140 4137 286 4217 Quidam
320 4139 368 4205 vir
394 4136 539 4226 Opimius
567 4134 736 4205 admodum
757 4138 858 4226 extitit
877 4159 1008 4220 avarus,
1034 4150 1079 4207 nt·
1094 4161 1192 4227 quum

55 4221 162 4292 moitis
185 4225 301 4292 divitiis
322 4223 515 4299 abundaret,
543 4220 611 4307 ipse
643 4223 728 4289 iestis
756 4223 869 4292 diebus
893 4224 1099 4308 Veientanum
1120 4247 1192 4313 pes·
1224 4271 1237 4293 -.

55 4313 170 4376 simum
202 4311 311 4375 riuum
337 4308 467 4385 iuberet,
497 4305 624 4393 privatis
654 4319 759 4374 autem
789 4308 900 4376 diebus
924 4333 1074 4398 vappam,
1106 4307 1192 4397 quod

55 4409 106 4463 est
135 4396 319 4486 Vejeutano
348 4391 498 4460 deterius.
557 4391 620 4456 flio
648 4393 730 4458 sorte
757 4416 835 4481 prae
866 4395 960 4461 nimiu
988 4394 1235 4461 soiiioitudioe³⁵

53 4478 164 4552 inuidit
192 4482 228 4547 in
260 4478 422 4564 ietorgum
451 4476 605 4542 morbum.
646 4478 740 4554 'liano
767 4478 834 4564 ejus
855 4479 956 4547 iaetus
976 4479 1069 4543 heres
1091 4481 1195 4580 coepit

53 4568 139 4632 cirea
159 4562 286 4631 ioooios
309 4584 443 4627 currere
466 4575 500 4627 et
519 4558 621 4624 claros
644 4584 816 4647 quaerore,
844 4585 993 4651 sperans,
1010 4564 1108 4631 titium
1132 4580 1195 4629 cito

55 4652 255 4720 moriturum.
308 4644 474 4713 Aooodens
501 4643 641 4710 medicus
663 4647 783 4728 fidelis,
814 4650 945 4735 cognita
965 4649 1066 4714 morbi
1088 4672 1196 4721 causa.
