2640 5130
375 478 559 637 nuptm.
586 532 638 609 u.
692 532 757 609 rc.
783 532 848 609 rr.

55 716 251 787 enunties
274 716 420 787 dicimus
441 716 569 785 domum
590 718 798 808 multiplicem.
828 718 903 807 lpse
923 729 972 785 est
993 692 1182 787 enimlruna

55 802 192 885 hecelo,
214 806 334 871 Diana
353 807 389 872 in
409 816 512 884 terra,
538 805 731 893 Proserpina
750 805 781 868 in
803 808 909 869 erebo.
952 807 1053 872 Ceres
1075 819 1181 871 atttern

57 888 165 955 Graece
194 890 390 977 gaudiam
422 888 546 957 dicitur.
588 889 667 955 ldeo
700 888 781 954 enim
803 892 903 955 Ceres
937 886 999 953 den
1035 892 1180 958 timnenti

57 974 262 1127 adsuitur,
285 974 379 1065 quia,
400 976 455 1042 ubi
470 974 632 1065 plenitudo
652 975 692 1042 sit
707 976 875 1057 fructuum,
897 974 1050 1061 gaudium
1067 1000 1179 1065 super·

1184 1085 1203 1132 5

398 1211 464 1287 lli.
518 1215 628 1291 Vita
666 1216 831 1290 slavis.

125 1354 312 1433 aternus,
389 1357 512 1437 stauam
540 1348 726 1427 Themidis,
757 1348 791 1414 id
818 1359 867 1415 est
893 1364 998 1420 terrae
1026 1352 1180 1430 antistitis,

60 1438 223 1505 muudum
270 1370 425 1513 πωπω,
445 1435 553 1501 Protei
576 1435 705 1501 oraculo
726 1436 896 1522 comperit,
916 1460 952 1503 se
970 1460 989 1501 a
1006 1438 1067 1503 tilio
1085 1462 1180 1525 posse

60 1544 145 1611 reguo
165 1524 307 1627 depeli,
332 1520 496 1623 praecepit
516 1522 547 1585 0
569 1521 597 1596 i,
626 1519 714 1585 uxori
742 1541 837 1597 suae,
864 1543 947 1607 quae
965 1535 998 1588 et
1017 1523 1108 1588 Rhea
1130 1524 1177 1588 rel

60 1610 166 1697 cybele
187 1610 328 1687 ducitur,
350 1619 388 1674 ut
408 1606 533 1693 quicqui
576 1606 766 1694 peperisset,
787 1605 845 1670 sibi
867 1629 937 1672 mox
956 1621 1222 1694 praesent-arebla

61 1690 138 1767 line
173 1715 343 1781 megnaus
378 1691 609 1778 eperitJorcm.
642 1692 741 1780 Cujus
764 1689 992 1777 pulchritudine
1012 1690 1178 1773 delectata,

62 1718 201 1869 try-plis
229 1802 308 1845 eum
373 1774 488 1843 endum
523 1775 554 1840 in
584 1789 691 1842 monte
722 1776 840 1841 Cretae
862 1776 997 1841 Dictaeo
1020 1802 1180 1843 commen-

62 1860 137 1931 fltit.
178 1864 262 1953 lpsa
292 1874 400 1929 autem
426 1885 448 1929 a
469 1862 626 1940 Saturno,
652 1859 833 1941 notescet,
863 1862 953 1947 qaod
977 1863 1178 1948 peperisset,

61 1944 267 2037 impeta,
305 1946 442 2037 lapidem
475 1946 505 2011 ei
538 1958 625 2013 veste
654 1944 825 2011 involutum
855 1946 1053 2023 monstrarit,
1084 1970 1177 2034 quern

61 2034 204 2101 hornus
226 2032 361 2099 vorarit.
403 2032 548 2119 Juppiter
568 2043 692 2111 autem,
720 2030 889 2096 nutritusa
909 2030 1080 2119 Nymphis,
1109 2032 1220 2118 qui-15

63 2118 109 2187 lus
133 2130 209 2187 erut
240 2142 263 2185 u
293 2127 396 2185 matre
423 2115 677 2196 commendatus,
714 2130 748 2182 et
775 2114 909 2181 lactatus
943 2127 992 2180 est
1022 2139 1040 2181 a
1073 2138 1180 2203 capra,

61 2204 212 2273 Amalthea
234 2204 384 2279 nomine,
415 2202 504 2289 cujus
526 2203 620 2269 etiam
641 2200 720 2289 pelle
742 2200 774 2265 in
796 2198 891 2279 bello,
916 2213 1025 2266 contra
1047 2201 1178 2267 'Pinnas

60 2304 209 2377 nuato,
238 2289 311 2376 ipsc
332 2300 445 2376 postea
465 2288 580 2354 dicitur
601 2309 675 2353 usus
695 2286 801 2351 suitse
842 2286 938 2351 'Pane
958 2284 1085 2353 adhibiti
1106 2300 1180 2353 sunt

60 2374 249 2441 riCuretes
277 2384 312 2439 et
338 2374 557 2463 Corybantes,
587 2372 639 2459 qui
667 2372 807 2459 rugitum
837 2372 926 2458 pueri
953 2371 1064 2437 tinnitu
1095 2373 1177 2437 aeris

59 2460 258 2545 prohiberent
276 2456 386 2523 audiri.
430 2458 523 2524 Unde
547 2469 580 2525 et
599 2459 799 2545 Corybantes
820 2470 893 2521 sunt
912 2455 1042 2522 ministri
1071 2459 1220 2523 matrisuo

59 2544 193 2615 dearum
216 2543 309 2631 quasi
330 2542 511 2625 daemones,
533 2542 587 2632 qui
601 2554 701 2609 totum
719 2542 830 2608 sciunt.
850 2542 945 2607 utana
965 2542 1072 2629 itaque
1092 2562 1178 2629 apes,

59 2630 130 2697 teris
151 2650 269 2697 sonum
291 2644 439 2707 secutae,
458 2630 569 2696 Jovem
589 2627 736 2694 diruatur
755 2627 845 2691 melle
865 2626 987 2691 aluisse.
1027 2628 1094 2693 Pro
1115 2652 1179 2714 qua

59 2734 90 2779 re
105 2716 151 2781 ds
173 2726 290 2817 postea
311 2715 465 2800 praestitit
482 2715 637 2803 luppiter,
659 2726 694 2779 ut
717 2714 870 2779 heberent
889 2711 1005 2777 liberos
1025 2713 1092 2778 sinc
1116 2714 1177 2778 ullo

61 2801 236 2867 cuncubitu.
254 2796 387 2865 Adultus
397 2799 653 2889 nutemJuppiter
667 2812 787 2885 patrem
805 2818 904 2883 regno
920 2797 1046 2885 depulit,
1061 2799 1178 2866 lactus·

61 2906 117 2969 que
136 2896 302 2974 stuprator
315 2885 480 2972 pessimus,
502 2884 639 2964 saecula,
659 2907 741 2967 (puae
757 2884 894 2948 Saturno
917 2895 1070 2967 regnante
1090 2884 1218 2952 dice-25

61 2968 168 3035 hatur
187 2989 306 3041 aurea,
336 2992 395 3037 suo
415 2973 476 3037 sub
496 2972 536 3037 im
561 2972 627 3037 erio
649 2967 724 3034 lecit
741 2968 802 3033 dici
821 2981 983 3052 argentea.
1017 2970 1070 3033 Ob
1089 2970 1177 3058 cujus

63 3052 192 3121 incestus
215 3052 354 3131 camina,
377 3058 519 3137 Astraea,
538 2996 687 3123 libanum
709 3074 816 3131 soror,
839 3068 968 3140 propter
988 3053 1177 3140 aequitatem

63 3136 232 3207 lustitia
253 3142 496 3225 coenomiuatu,
529 3143 630 3210 sertur
649 3140 681 3205 in
698 3139 820 3206 caelum
841 3138 1011 3205 recessisse
1033 3160 1106 3205 curn
1124 3162 1177 3205 so-

65 3240 130 3291 ture
148 3246 210 3291 stra
230 3192 399 3293 Pudicitia.

273 3391 337 3468 17.
390 3392 563 3467 Latona
598 3395 788 3496 ejusque
819 3420 958 3472 soror.
1183 3420 1219 3469 ao

138 3523 287 3628 ‚luppiter
305 3522 480 3597 Latonam,
503 3520 625 3590 'litenis
645 3524 764 3591 scilicet
783 3523 892 3601 tiliam,
921 3522 1045 3590 vitiavit
1087 3522 1178 3606 Post,

66 3626 152 3693 quam
173 3625 268 3677 ettam
290 3627 430 3676 sororem
456 3606 523 3694 ejus
544 3610 685 3675 Asterien
707 3611 815 3675 vitiare
836 3608 943 3688 uellet,
972 3609 1022 3675 illa
1051 3612 1178 3696 optarit,

67 3706 96 3757 ut
122 3716 140 3758 a
165 3694 227 3761 diis
254 3702 490 3761 conuerteretur
524 3692 555 3755 in
577 3716 682 3771 arem,
711 3716 865 3780 versaque
886 3694 984 3761 estin
1011 3718 1100 3760 avem
1121 3695 1179 3781 rip-

66 3800 159 3861 τυγα.
184 3803 279 3868 qrram
308 3802 365 3845 nos
386 3775 578 3843 coturnicem
599 3803 756 3846 vocamus.
798 3780 843 3846 Et
863 3802 958 3867 quarm
980 3780 1070 3846 uellet
1092 3804 1178 3845 maro

67 3864 277 3944 transiremre,
307 3861 392 3953 quod
413 3875 462 3928 est
483 3867 696 3945 coturnicum,
728 3866 837 3932 alllata
858 3890 877 3930 a
897 3866 976 3930 Jore
997 3878 1029 3931 et
1049 3867 1080 3930 in
1101 3866 1219 3953 lapi-35

67 3942 129 4013 dem
151 3972 323 4026 conuersa,
350 3948 403 4015 diu
429 3948 488 4011 sub
509 3950 656 4017 fluctibns
679 3951 775 4017 latuit.
817 3952 951 4024 Postea,
982 3951 1178 4037 supplicante

66 4029 127 4099 lori
145 4035 287 4110 Latona,
313 4034 413 4100 lerata
435 4046 502 4107 est,
533 4046 566 4099 et
587 4036 742 4123 Ortygia
766 4033 868 4115 dicta,
897 4037 1067 4123 superferri
1089 4037 1177 4121 aquis

65 4120 169 4205 eoepit
230 4122 323 4187 Haec
363 4119 463 4207 primo
501 4116 649 4206 Neptuno
686 4133 718 4185 et
744 4120 855 4185 Doridi
889 4122 947 4188 luit
985 4133 1178 4187 consecrata.

65 4196 173 4273 Postea
201 4229 296 4293 quum
316 4207 401 4269 luno
422 4201 584 4289 gravidam
606 4230 625 4271 a
645 4206 726 4270 Jove
746 4206 919 4284 Latonam,
947 4205 1085 4271 immisso
1113 4206 1177 4294 Py-

65 4284 169 4361 thone,
201 4314 294 4378 quern
323 4303 396 4377 post
423 4292 542 4354 ictum
564 4291 784 4379 cataclysmum
804 4293 910 4379 speeie
929 4290 1038 4377 ignota
1061 4303 1219 4357 morta-to

63 4366 134 4441 libus
164 4376 269 4442 'Perre
301 4376 416 4451 edidit,
449 4389 707 4461 persequeretur,
738 4377 884 4463 nullaque
916 4400 986 4441 enm
1020 4391 1176 4441 errantem

61 4460 147 4543 regio
173 4462 345 4548 reciperet.
377 4460 545 4525 novissime
573 4463 712 4528 venitin
743 4463 883 4565 Lyciam.
934 4461 980 4527 Et
1010 4485 1106 4548 qurum
1137 4484 1176 4526 en

60 4546 162 4610 calore
183 4548 299 4615 aestiuo
319 4544 400 4615 sitim
422 4544 537 4613 sedare
556 4546 664 4629 vellet,
693 4550 735 4613 ab
755 4548 820 4631 lus,
847 4546 901 4636 qui
927 4546 1055 4635 juncum
1081 4569 1174 4615 secus
