2692 4762
308 960 957 1055 PROOEMIUM.

351 1186 355 1197 t
501 1162 771 1192 -·-·-—-

175 1343 393 1506 Biennium
420 1430 494 1506 t'ere
519 1443 604 1525 est,¹
627 1458 671 1506 ex
693 1456 766 1530 quo
790 1427 952 1531 Angelus
977 1426 1115 1525 Ma'us,
1143 1436 1196 1507 vir

58 1529 341 1625 illustrissimus,
378 1531 423 1606 dc
443 1536 595 1634 antiquis
616 1530 843 1631 scriptoribus
864 1558 884 1603 e
908 1529 1017 1603 biblio
1056 1557 1197 1607 ecorum

58 1631 265 1704 Italicarum
304 1632 446 1707 latebris
481 1637 518 1708 in
555 1635 670 1709 lucem
707 1632 923 1732 proferendis
961 1633 1197 1709 immortaliter

57 1733 221 1825 meritus,
247 1736 285 1805 in
304 1734 540 1810 Classicorum
554 1733 752 1811 Auctorum
777 1734 994 1808 eVaticanis
1019 1732 1197 1809 codicibus

59 1834 235 1907 editorum
253 1835 428 1910 uolumine
441 1838 502 1909 111
528 1849 598 1912 tres
622 1865 740 1911 rerum
759 1833 990 1936 mytbicarum
1008 1836 1196 1933 scriptores

57 1934 212 2009 ineditos
231 1938 325 2036 typis
344 1938 586 2037 exprimendos
604 1940 756 2032 curavit,
782 1963 930 2036 quorum
947 1936 1058 2035 prima
1076 1937 1196 2010 notitia

58 2048 101 2109 ut
127 2037 299 2110 bonarum
323 2038 515 2113 litterarum
545 2041 709 2114 studiosis
738 2051 812 2113 erat
835 2036 1113 2137 jucundissima,
1147 2037 1196 2111 ita

58 2138 222 2238 plurimis
252 2165 363 2213 novae
394 2167 514 2215 eorum
543 2141 701 2222 editionis
731 2142 768 2214 in
802 2137 989 2213 Germania
1021 2136 1195 2236 parandae

58 2239 272 2313 desiderium
304 2242 555 2317 commovebat.
621 2241 732 2342 Cujus
759 2241 811 2315 rei
844 2240 1081 2339 suscipiendae
1110 2264 1193 2314 con·

58 2341 178 2414 silium
201 2367 309 2440 quum
333 2342 550 2418 hortantibus
575 2345 659 2443 viris
685 2343 814 2437 doctis,
847 2368 995 2441 quorum
1021 2339 1114 2439 apud
1138 2366 1195 2428 mc

57 2443 251 2542 plurimum
284 2442 376 2518 valet
406 2447 616 2539 auctoritas,
667 2446 782 2517 animo
813 2443 952 2516 volvere
988 2442 1191 2539 coepissem,

59 2545 166 2642 plura
195 2569 234 2616 se
262 2544 348 2616 mibi
377 2544 578 2620 obtulerunt
606 2546 734 2619 auxilia
763 2543 809 2617 ad
837 2543 962 2618 borum
987 2545 1196 2641 scriptorum

60 2643 173 2718 verba
195 2645 319 2720 melius
344 2648 582 2721 constituenda
607 2648 796 2746 aptissima.
848 2647 906 2718 Dc
930 2643 1056 2744 quibus
1080 2645 1194 2742 prius·

60 2772 191 2845 quam,
224 2758 264 2821 ut
287 2773 351 2846 pur
372 2759 444 2840 est,
475 2774 667 2847 exponam,
703 2750 828 2821 iterare
845 2744 947 2845 juvat
966 2770 1055 2845 quae
1074 2743 1194 2844 Majus

60 2847 206 2921 editioni
229 2874 313 2921 suae
333 2849 509 2948 praefatus
531 2860 601 2945 cst,
630 2861 671 2922 ut
695 2848 780 2948 quid
800 2848 855 2920 vir
873 2847 932 2920 ille
951 2847 1195 2946 sagacissimus

60 2975 174 3046 quum
198 2948 242 3022 de
265 2951 352 3048 ipsis
372 2950 500 3049 quibus
524 2978 609 3026 usus
629 2964 684 3025 est
705 2947 883 3024 codicibus
898 2948 1093 3042 Vaticanis,
1120 2957 1196 3020 tum

59 3051 109 3129 de
129 3049 253 3123 borum
274 3052 521 3150 opusculorum
540 3051 740 3126 auctoribus
763 3075 950 3150 eorumque
968 3060 1078 3123 aetate
1099 3047 1194 3120 dixe·

60 3153 130 3244 rit,
165 3150 311 3226 lectores
340 3154 405 3227 rite
437 3166 663 3253 cognoscant.
723 3154 891 3227 Nostram
914 3176 998 3224 vcro
1022 3151 1072 3222 ita
1095 3149 1218 3222 insti?

60 3265 203 3327 tuamus
232 3255 443 3349 orationem,
485 3267 525 3330 ut
556 3258 707 3353 primum
739 3249 956 3355 gravioribus
988 3250 1057 3324 illis
1089 3274 1195 3348 quae·

60 3353 234 3428 stionibus
258 3380 280 3427 a
300 3354 399 3454 Majo
424 3357 525 3430 motis
549 3356 733 3432 nonnullas
758 3352 1010 3453 subjungamus
1033 3348 1195 3425 observa·

63 3455 262 3551 tiunculas3
307 3455 431 3531 deinde
463 3455 568 3557 bajus
598 3456 759 3531 editionis
790 3479 880 3554 quae
911 3455 957 3528 sit
987 3453 1098 3546 ratio,
1135 3451 1196 3550 qui

62 3557 166 3649 linis,
202 3560 324 3655 paucis
348 3557 553 3631 indicemus.
607 3559 670 3633 Sic
694 3559 802 3657 igitur
825 3552 966 3653 Majus:

142 3660 175 3730 1.
209 3660 363 3731 “Latini
385 3659 629 3759 mptboprapbi
650 3670 797 3758 quatuor
821 3653 1057 3729 tantummodo
1080 3664 1198 3726 extant

63 3763 102 3832 in
128 3744 340 3833 editionibus
352 3788 364 3856 3
402 3789 525 3859 nempe
556 3761 663 3860 vulgo
697 3760 811 3831 dictus
837 3757 882 3831 G.
908 3757 1097 3856 Hyginus,
1136 3756 1197 3853 qni
1276 3801 1281 3810 -

65 3873 159 3934 certe
183 3858 338 3959 Augusti
367 3860 823 3937 bibliothecariouecentior
846 3870 919 3952 est,
954 3856 1085 3929 Fabius
1110 3853 1195 3927 Ful·

63 3965 204 4061 gentius
235 3962 464 4059 Planciadcs3
503 3965 707 4036 Lactantius
739 3958 906 4034 Placidus
936 3958 1193 4056 grammaticus,

65 4066 129 4161 qui
154 4063 331 4149 ovidianas
356 4064 491 4138 fabulas
516 4057 709 4159 enarravit,
750 4063 898 4160 denique
923 4058 1091 4132 Albricus
1118 4055 1195 4154 pbi-

65 4163 255 4260 losophus,
298 4168 359 4263 qui
393 4166 436 4239 de
464 4166 673 4266 imaginibus
703 4164 846 4237 deorum
880 4158 1196 4235 commentariolum

66 4266 240 4366 reliquit„
275 4266 366 4349 Mihi
390 4270 583 4345 vaficaunm
607 4266 850 4343 bibliothecam
874 4291 937 4364 pro
959 4288 1036 4337 meo
1056 4284 1197 4333 munerc
