<?xml version="1.0" encoding="UTF-8"?>
<!DOCTYPE html PUBLIC "-//W3C//DTD XHTML 1.0 Transitional//EN"
    "http://www.w3.org/TR/xhtml1/DTD/xhtml1-transitional.dtd">
<html xmlns="http://www.w3.org/1999/xhtml" xml:lang="en" lang="en">
 <head>
  <title>
</title>
<meta http-equiv="Content-Type" content="text/html;charset=utf-8" />
  <meta name='ocr-system' content='tesseract 3.04.00' />
  <meta name='ocr-capabilities' content='ocr_page ocr_carea ocr_par ocr_line ocrx_word'/>
</head>
<body>
  <div class='ocr_page' id='page_1' title='image "./scriptoresrerum00bodegoog_0276.png"; bbox 0 0 2640 5130; ppageno 0'>
   <div class='ocr_carea' id='block_1_1' title="bbox 166 252 1055 359">
    <p class='ocr_par' dir='ltr' id='par_1_1' title="bbox 166 252 1055 359">
     <span class='ocr_line' id='line_1_1' title="bbox 166 252 1055 359; baseline -0.006 -26"><span class='ocrx_word' id='word_1_1' title='bbox 166 256 252 333; x_wconf 71' lang='lat'>240</span> <span class='ocrx_word' id='word_1_2' title='bbox 416 255 598 359; x_wconf 75' lang='lat' dir='ltr'>Mptlropr.</span> <span class='ocrx_word' id='word_1_3' title='bbox 616 255 687 341; x_wconf 76' lang='grc' dir='ltr'>ΠΙ.</span> <span class='ocrx_word' id='word_1_4' title='bbox 742 254 805 328; x_wconf 86' lang='lat' dir='ltr'>ll.</span> <span class='ocrx_word' id='word_1_5' title='bbox 857 252 1055 329; x_wconf 69' lang='lat'>20—21.</span> 
     </span>
    </p>
   </div>
   <div class='ocr_carea' id='block_1_2' title="bbox 89 434 1296 3758">
    <p class='ocr_par' dir='ltr' id='par_1_2' title="bbox 89 434 1296 2125">
     <span class='ocr_line' id='line_1_2' title="bbox 171 434 1295 530; baseline -0.005 -20"><span class='ocrx_word' id='word_1_6' title='bbox 171 464 208 510; x_wconf 85' lang='lat' dir='ltr'>se</span> <span class='ocrx_word' id='word_1_7' title='bbox 228 460 355 530; x_wconf 84' lang='lat' dir='ltr'>quoque</span> <span class='ocrx_word' id='word_1_8' title='bbox 374 438 407 506; x_wconf 93' lang='lat' dir='ltr'>ln</span> <span class='ocrx_word' id='word_1_9' title='bbox 426 459 515 505; x_wconf 88' lang='lat' dir='ltr'>mare</span> <span class='ocrx_word' id='word_1_10' title='bbox 541 435 743 527; x_wconf 89' lang='lat' dir='ltr'>praecipitem</span> <span class='ocrx_word' id='word_1_11' title='bbox 776 434 876 503; x_wconf 86' lang='lat' dir='ltr'>dedit.</span> <span class='ocrx_word' id='word_1_12' title='bbox 934 434 1086 504; x_wconf 78' lang='lat' dir='ltr'><strong>Leander</strong></span> <span class='ocrx_word' id='word_1_13' title='bbox 1109 436 1230 525; x_wconf 74' lang='lat' dir='ltr'>igitur,</span> <span class='ocrx_word' id='word_1_14' title='bbox 1262 435 1295 504; x_wconf 91' lang='lat' dir='ltr'>id</span> 
     </span>
     <span class='ocr_line' id='line_1_3' title="bbox 169 519 1296 610; baseline -0.008 -13"><span class='ocrx_word' id='word_1_15' title='bbox 169 540 219 596; x_wconf 83' lang='lat' dir='ltr'>est</span> <span class='ocrx_word' id='word_1_16' title='bbox 245 526 400 592; x_wconf 78' lang='lat' dir='ltr'>virorum</span> <span class='ocrx_word' id='word_1_17' title='bbox 420 522 563 603; x_wconf 81' lang='lat' dir='ltr'>solutio,</span> <span class='ocrx_word' id='word_1_18' title='bbox 599 544 657 610; x_wconf 91' lang='lat' dir='ltr'>per</span> <span class='ocrx_word' id='word_1_19' title='bbox 687 522 808 588; x_wconf 81' lang='lat' dir='ltr'>virtutis</span> <span class='ocrx_word' id='word_1_20' title='bbox 829 519 1063 590; x_wconf 75' lang='lat' dir='ltr'>derelictionem</span> <span class='ocrx_word' id='word_1_21' title='bbox 1085 534 1119 589; x_wconf 92' lang='lat' dir='ltr'>et</span> <span class='ocrx_word' id='word_1_22' title='bbox 1149 522 1296 609; x_wconf 47' lang='lat' dir='ltr'>moeniae</span> 
     </span>
     <span class='ocr_line' id='line_1_4' title="bbox 168 604 1294 698; baseline -0.006 -18"><span class='ocrx_word' id='word_1_23' title='bbox 168 610 397 698; x_wconf 78' lang='lat' dir='ltr'>indulgentiam</span> <span class='ocrx_word' id='word_1_24' title='bbox 428 609 540 673; x_wconf 83' lang='lat' dir='ltr'>Heron</span> <span class='ocrx_word' id='word_1_25' title='bbox 573 619 679 685; x_wconf 86' lang='lat' dir='ltr'>amat,</span> <span class='ocrx_word' id='word_1_26' title='bbox 711 604 745 672; x_wconf 90' lang='lat' dir='ltr'>id</span> <span class='ocrx_word' id='word_1_27' title='bbox 777 619 827 673; x_wconf 90' lang='lat' dir='ltr'>est</span> <span class='ocrx_word' id='word_1_28' title='bbox 854 608 1052 674; x_wconf 79' lang='lat' dir='ltr'>inaniorem</span> <span class='ocrx_word' id='word_1_29' title='bbox 1084 620 1118 674; x_wconf 94' lang='lat' dir='ltr'>et</span> <span class='ocrx_word' id='word_1_30' title='bbox 1135 606 1294 675; x_wconf 77' lang='lat' dir='ltr'>libidinem</span> 
     </span>
     <span class='ocr_line' id='line_1_5' title="bbox 169 689 1295 780; baseline -0.006 -16"><span class='ocrx_word' id='word_1_31' title='bbox 169 698 309 765; x_wconf 79' lang='lat' dir='ltr'>incurrit.</span> <span class='ocrx_word' id='word_1_32' title='bbox 352 689 419 762; x_wconf 85' lang='lat' dir='ltr'>Sed</span> <span class='ocrx_word' id='word_1_33' title='bbox 450 691 577 757; x_wconf 80' lang='lat' dir='ltr'>libidine</span> <span class='ocrx_word' id='word_1_34' title='bbox 596 691 725 780; x_wconf 88' lang='lat' dir='ltr'>quilibet</span> <span class='ocrx_word' id='word_1_35' title='bbox 745 713 935 771; x_wconf 85' lang='lat' dir='ltr'>succensus,</span> <span class='ocrx_word' id='word_1_36' title='bbox 968 693 1045 760; x_wconf 89' lang='lat' dir='ltr'>dum</span> <span class='ocrx_word' id='word_1_37' title='bbox 1065 692 1109 758; x_wconf 88' lang='lat' dir='ltr'>od</span> <span class='ocrx_word' id='word_1_38' title='bbox 1129 692 1163 759; x_wconf 92' lang='lat' dir='ltr'>id</span> <span class='ocrx_word' id='word_1_39' title='bbox 1185 694 1295 769; x_wconf 88' lang='lat' dir='ltr'>tendit,</span> 
     </span>
     <span class='ocr_line' id='line_1_6' title="bbox 145 774 1294 866; baseline -0.004 -19"><span class='ocrx_word' id='word_1_40' title='bbox 145 798 163 847; x_wconf 74' lang='lat' dir='ltr'>a</span> <span class='ocrx_word' id='word_1_41' title='bbox 191 782 256 849; x_wconf 90' lang='lat' dir='ltr'>nod</span> <span class='ocrx_word' id='word_1_42' title='bbox 288 778 437 845; x_wconf 78' lang='lat' dir='ltr'>ardenter</span> <span class='ocrx_word' id='word_1_43' title='bbox 465 776 582 863; x_wconf 79' lang='lat' dir='ltr'>diligit,</span> <span class='ocrx_word' id='word_1_44' title='bbox 622 799 791 864; x_wconf 80' lang='lat' dir='ltr'>numquam</span> <span class='ocrx_word' id='word_1_45' title='bbox 817 800 894 843; x_wconf 85' lang='lat' dir='ltr'>sane</span> <span class='ocrx_word' id='word_1_46' title='bbox 920 774 1008 844; x_wconf 82' lang='lat' dir='ltr'>ridet</span> <span class='ocrx_word' id='word_1_47' title='bbox 1037 776 1124 865; x_wconf 88' lang='lat' dir='ltr'>quod</span> <span class='ocrx_word' id='word_1_48' title='bbox 1158 778 1294 866; x_wconf 82' lang='lat' dir='ltr'>expedit.</span> 
     </span>
     <span class='ocr_line' id='line_1_7' title="bbox 168 808 1293 950; baseline -0.003 -18"><span class='ocrx_word' id='word_1_49' title='bbox 168 808 251 937; x_wconf 56' lang='lat' dir='ltr'>ham</span> <span class='ocrx_word' id='word_1_50' title='bbox 274 875 307 929; x_wconf 88' lang='lat' dir='ltr'>et</span> <span class='ocrx_word' id='word_1_51' title='bbox 328 876 421 930; x_wconf 86' lang='lat' dir='ltr'>nocte</span> <span class='ocrx_word' id='word_1_52' title='bbox 444 875 544 940; x_wconf 88' lang='lat' dir='ltr'>natat,</span> <span class='ocrx_word' id='word_1_53' title='bbox 563 861 596 927; x_wconf 89' lang='lat' dir='ltr'>id</span> <span class='ocrx_word' id='word_1_54' title='bbox 618 874 666 929; x_wconf 91' lang='lat' dir='ltr'>est</span> <span class='ocrx_word' id='word_1_55' title='bbox 685 862 718 928; x_wconf 93' lang='lat' dir='ltr'>io</span> <span class='ocrx_word' id='word_1_56' title='bbox 739 864 878 929; x_wconf 89' lang='lat' dir='ltr'>obscura</span> <span class='ocrx_word' id='word_1_57' title='bbox 897 861 1037 950; x_wconf 89' lang='lat' dir='ltr'>pericula</span> <span class='ocrx_word' id='word_1_58' title='bbox 1048 874 1161 930; x_wconf 90' lang='lat' dir='ltr'>tentat.</span> <span class='ocrx_word' id='word_1_59' title='bbox 1202 866 1293 931; x_wconf 86' lang='lat' dir='ltr'>Hero</span> 
     </span>
     <span class='ocr_line' id='line_1_8' title="bbox 168 945 1294 1036; baseline -0.004 -16"><span class='ocrx_word' id='word_1_60' title='bbox 168 954 198 1019; x_wconf 86' lang='lat' dir='ltr'>ei</span> <span class='ocrx_word' id='word_1_61' title='bbox 220 952 397 1027; x_wconf 89' lang='lat' dir='ltr'>lucernam,</span> <span class='ocrx_word' id='word_1_62' title='bbox 425 966 465 1011; x_wconf 91' lang='lat' dir='ltr'>oe</span> <span class='ocrx_word' id='word_1_63' title='bbox 484 949 629 1029; x_wconf 88' lang='lat' dir='ltr'>aberret,</span> <span class='ocrx_word' id='word_1_64' title='bbox 660 945 815 1015; x_wconf 84' lang='lat' dir='ltr'>accendit.</span> <span class='ocrx_word' id='word_1_65' title='bbox 855 947 902 1015; x_wconf 84' lang='lat' dir='ltr'>Et</span> <span class='ocrx_word' id='word_1_66' title='bbox 922 946 998 1036; x_wconf 91' lang='lat' dir='ltr'>quid</span> <span class='ocrx_word' id='word_1_67' title='bbox 1019 945 1105 1014; x_wconf 91' lang='lat' dir='ltr'>aliud</span> <span class='ocrx_word' id='word_1_68' title='bbox 1126 970 1217 1015; x_wconf 90' lang='lat' dir='ltr'>amor</span> <span class='ocrx_word' id='word_1_69' title='bbox 1236 948 1294 1015; x_wconf 88' lang='lat' dir='ltr'>nisi</span> 
     </span>
     <span class='ocr_line' id='line_1_9' title="bbox 167 1030 1293 1121; baseline -0.001 -18"><span class='ocrx_word' id='word_1_70' title='bbox 167 1034 315 1104; x_wconf 89' lang='lat' dir='ltr'>ardorem</span> <span class='ocrx_word' id='word_1_71' title='bbox 335 1035 502 1120; x_wconf 90' lang='lat' dir='ltr'>importat,</span> <span class='ocrx_word' id='word_1_72' title='bbox 539 1042 572 1096; x_wconf 89' lang='lat' dir='ltr'>et</span> <span class='ocrx_word' id='word_1_73' title='bbox 592 1030 783 1098; x_wconf 79' lang='lat' dir='ltr'>desideranti</span> <span class='ocrx_word' id='word_1_74' title='bbox 806 1032 885 1099; x_wconf 80' lang='lat' dir='ltr'>riam</span> <span class='ocrx_word' id='word_1_75' title='bbox 904 1032 1115 1121; x_wconf 69' lang='lat' dir='ltr'>periculosam</span> <span class='ocrx_word' id='word_1_76' title='bbox 1134 1032 1293 1102; x_wconf 71' lang='lat' dir='ltr'>ostendit?</span> 
     </span>
     <span class='ocr_line' id='line_1_10' title="bbox 167 1116 1293 1209; baseline -0.004 -21"><span class='ocrx_word' id='word_1_77' title='bbox 167 1123 317 1188; x_wconf 80' lang='lat' dir='ltr'>Lucerna</span> <span class='ocrx_word' id='word_1_78' title='bbox 356 1129 461 1183; x_wconf 90' lang='lat' dir='ltr'>autem</span> <span class='ocrx_word' id='word_1_79' title='bbox 499 1116 603 1183; x_wconf 86' lang='lat' dir='ltr'>statim</span> <span class='ocrx_word' id='word_1_80' title='bbox 642 1117 853 1204; x_wconf 79' lang='lat' dir='ltr'>extinguitur,</span> <span class='ocrx_word' id='word_1_81' title='bbox 899 1119 973 1206; x_wconf 88' lang='lat' dir='ltr'>quia</span> <span class='ocrx_word' id='word_1_82' title='bbox 999 1118 1145 1209; x_wconf 83' lang='lat' dir='ltr'>juvenilis</span> <span class='ocrx_word' id='word_1_83' title='bbox 1179 1119 1293 1186; x_wconf 84' lang='lat' dir='ltr'>amoris</span> 
     </span>
     <span class='ocr_line' id='line_1_11' title="bbox 126 1201 1293 1290; baseline -0.003 -18"><span class='ocrx_word' id='word_1_84' title='bbox 126 1205 265 1277; x_wconf 86' lang='lat' dir='ltr'>roardor</span> <span class='ocrx_word' id='word_1_85' title='bbox 285 1224 347 1268; x_wconf 93' lang='lat' dir='ltr'>non</span> <span class='ocrx_word' id='word_1_86' title='bbox 368 1202 422 1268; x_wconf 91' lang='lat' dir='ltr'>diu</span> <span class='ocrx_word' id='word_1_87' title='bbox 440 1211 630 1290; x_wconf 81' lang='lat' dir='ltr'>perseverat.</span> <span class='ocrx_word' id='word_1_88' title='bbox 672 1201 756 1267; x_wconf 72' lang='lat' dir='ltr'>lieni</span> <span class='ocrx_word' id='word_1_89' title='bbox 780 1226 822 1268; x_wconf 91' lang='lat' dir='ltr'>ue</span> <span class='ocrx_word' id='word_1_90' title='bbox 841 1215 875 1270; x_wconf 92' lang='lat' dir='ltr'>et</span> <span class='ocrx_word' id='word_1_91' title='bbox 895 1203 998 1271; x_wconf 90' lang='lat' dir='ltr'>nudus</span> <span class='ocrx_word' id='word_1_92' title='bbox 1021 1214 1128 1281; x_wconf 87' lang='lat' dir='ltr'>natat,</span> <span class='ocrx_word' id='word_1_93' title='bbox 1146 1226 1187 1271; x_wconf 89' lang='lat' dir='ltr'>ea</span> <span class='ocrx_word' id='word_1_94' title='bbox 1208 1204 1293 1270; x_wconf 80' lang='lat' dir='ltr'>ride-</span> 
     </span>
     <span class='ocr_line' id='line_1_12' title="bbox 167 1226 1293 1387; baseline -0.001 -32"><span class='ocrx_word' id='word_1_95' title='bbox 167 1290 241 1357; x_wconf 88' lang='lat' dir='ltr'>licet</span> <span class='ocrx_word' id='word_1_96' title='bbox 270 1286 313 1352; x_wconf 88' lang='lat' dir='ltr'>de</span> <span class='ocrx_word' id='word_1_97' title='bbox 338 1309 452 1365; x_wconf 88' lang='lat' dir='ltr'>causa,</span> <span class='ocrx_word' id='word_1_98' title='bbox 493 1287 579 1387; x_wconf 76' lang='lat' dir='ltr'>quod</span> <span class='ocrx_word' id='word_1_99' title='bbox 608 1287 725 1367; x_wconf 83' lang='lat' dir='ltr'>amoris</span> <span class='ocrx_word' id='word_1_100' title='bbox 755 1226 902 1356; x_wconf 83' lang='lat' dir='ltr'>illecebra</span> <span class='ocrx_word' id='word_1_101' title='bbox 936 1290 1139 1356; x_wconf 82' lang='lat' dir='ltr'>affectatores</span> <span class='ocrx_word' id='word_1_102' title='bbox 1168 1313 1244 1357; x_wconf 86' lang='lat' dir='ltr'>suos</span> <span class='ocrx_word' id='word_1_103' title='bbox 1273 1312 1293 1354; x_wconf 91' lang='lat' dir='ltr'>a</span> 
     </span>
     <span class='ocr_line' id='line_1_13' title="bbox 167 1369 1293 1462; baseline -0.002 -21"><span class='ocrx_word' id='word_1_104' title='bbox 167 1371 344 1443; x_wconf 88' lang='lat' dir='ltr'>substantia</span> <span class='ocrx_word' id='word_1_105' title='bbox 365 1384 399 1439; x_wconf 92' lang='lat' dir='ltr'>et</span> <span class='ocrx_word' id='word_1_106' title='bbox 431 1371 559 1439; x_wconf 76' lang='lat' dir='ltr'>consilio</span> <span class='ocrx_word' id='word_1_107' title='bbox 582 1369 703 1438; x_wconf 88' lang='lat' dir='ltr'>nudare</span> <span class='ocrx_word' id='word_1_108' title='bbox 734 1375 898 1441; x_wconf 85' lang='lat' dir='ltr'>consuevit</span> <span class='ocrx_word' id='word_1_109' title='bbox 918 1387 952 1441; x_wconf 89' lang='lat' dir='ltr'>et</span> <span class='ocrx_word' id='word_1_110' title='bbox 970 1377 1002 1440; x_wconf 90' lang='lat' dir='ltr'>in</span> <span class='ocrx_word' id='word_1_111' title='bbox 1024 1372 1181 1462; x_wconf 90' lang='lat' dir='ltr'>pericula,</span> <span class='ocrx_word' id='word_1_112' title='bbox 1210 1377 1293 1442; x_wconf 86' lang='lat' dir='ltr'>sicut</span> 
     </span>
     <span class='ocr_line' id='line_1_14' title="bbox 167 1454 1293 1561; baseline -0.004 -34"><span class='ocrx_word' id='word_1_113' title='bbox 167 1461 200 1527; x_wconf 88' lang='lat' dir='ltr'>in</span> <span class='ocrx_word' id='word_1_114' title='bbox 228 1481 334 1533; x_wconf 89' lang='lat' dir='ltr'>mare,</span> <span class='ocrx_word' id='word_1_115' title='bbox 367 1457 499 1561; x_wconf 81' lang='lat' dir='ltr'>jactare.</span> <span class='ocrx_word' id='word_1_116' title='bbox 551 1454 648 1531; x_wconf 86' lang='lat' dir='ltr'>Quod</span> <span class='ocrx_word' id='word_1_117' title='bbox 681 1467 787 1524; x_wconf 91' lang='lat' dir='ltr'>autem</span> <span class='ocrx_word' id='word_1_118' title='bbox 829 1458 958 1525; x_wconf 89' lang='lat' dir='ltr'>lucerna</span> <span class='ocrx_word' id='word_1_119' title='bbox 996 1461 1138 1525; x_wconf 83' lang='lat' dir='ltr'>extincta</span> <span class='ocrx_word' id='word_1_120' title='bbox 1170 1460 1293 1548; x_wconf 89' lang='lat' dir='ltr'>utrique</span> 
     </span>
     <span class='ocr_line' id='line_1_15' title="bbox 169 1540 1292 1633; baseline -0.003 -21"><span class='ocrx_word' id='word_1_121' title='bbox 169 1566 265 1612; x_wconf 69' lang='lat' dir='ltr'>couri</span> <span class='ocrx_word' id='word_1_122' title='bbox 288 1557 396 1611; x_wconf 84' lang='lat' dir='ltr'>morus</span> <span class='ocrx_word' id='word_1_123' title='bbox 419 1554 482 1621; x_wconf 87' lang='lat' dir='ltr'>est,</span> <span class='ocrx_word' id='word_1_124' title='bbox 505 1541 592 1608; x_wconf 78' lang='lat' dir='ltr'>‘uxta</span> <span class='ocrx_word' id='word_1_125' title='bbox 610 1540 817 1629; x_wconf 80' lang='lat' dir='ltr'>Fulgentium</span> <span class='ocrx_word' id='word_1_126' title='bbox 837 1544 999 1610; x_wconf 82' lang='lat' dir='ltr'>evidenter</span> <span class='ocrx_word' id='word_1_127' title='bbox 1017 1545 1188 1631; x_wconf 82' lang='lat' dir='ltr'>siguificat,</span> <span class='ocrx_word' id='word_1_128' title='bbox 1207 1544 1292 1633; x_wconf 88' lang='lat' dir='ltr'>quod</span> 
     </span>
     <span class='ocr_line' id='line_1_16' title="bbox 128 1566 1292 1716; baseline -0.004 -16"><span class='ocrx_word' id='word_1_129' title='bbox 128 1634 201 1699; x_wconf 83' lang='lat' dir='ltr'>taio</span> <span class='ocrx_word' id='word_1_130' title='bbox 221 1644 356 1716; x_wconf 84' lang='lat' dir='ltr'>utroque</span> <span class='ocrx_word' id='word_1_131' title='bbox 376 1650 455 1694; x_wconf 79' lang='lat' dir='ltr'>sexu</span> <span class='ocrx_word' id='word_1_132' title='bbox 478 1566 574 1693; x_wconf 86' lang='lat' dir='ltr'>lilido</span> <span class='ocrx_word' id='word_1_133' title='bbox 597 1628 811 1695; x_wconf 88' lang='lat' dir='ltr'>commoritur.</span> <span class='ocrx_word' id='word_1_134' title='bbox 860 1629 1008 1715; x_wconf 81' lang='lat' dir='ltr'>Denique</span> <span class='ocrx_word' id='word_1_135' title='bbox 1039 1630 1071 1694; x_wconf 91' lang='lat' dir='ltr'>in</span> <span class='ocrx_word' id='word_1_136' title='bbox 1102 1631 1181 1696; x_wconf 90' lang='lat' dir='ltr'>mari</span> <span class='ocrx_word' id='word_1_137' title='bbox 1199 1631 1292 1697; x_wconf 90' lang='lat' dir='ltr'>ambo</span> 
     </span>
     <span class='ocr_line' id='line_1_17' title="bbox 169 1712 1293 1803; baseline -0.005 -18"><span class='ocrx_word' id='word_1_138' title='bbox 169 1716 360 1795; x_wconf 91' lang='lat' dir='ltr'>moriuntur,</span> <span class='ocrx_word' id='word_1_139' title='bbox 381 1712 415 1780; x_wconf 87' lang='lat' dir='ltr'>id</span> <span class='ocrx_word' id='word_1_140' title='bbox 444 1722 508 1792; x_wconf 86' lang='lat' dir='ltr'>est,</span> <span class='ocrx_word' id='word_1_141' title='bbox 528 1713 560 1777; x_wconf 88' lang='lat' dir='ltr'>in</span> <span class='ocrx_word' id='word_1_142' title='bbox 581 1723 747 1780; x_wconf 89' lang='lat' dir='ltr'>senectute</span> <span class='ocrx_word' id='word_1_143' title='bbox 764 1713 999 1803; x_wconf 82' lang='lat' dir='ltr'>inquietationis</span> <span class='ocrx_word' id='word_1_144' title='bbox 1018 1713 1185 1781; x_wconf 89' lang='lat' dir='ltr'>libidinum</span> <span class='ocrx_word' id='word_1_145' title='bbox 1214 1715 1293 1782; x_wconf 93' lang='lat' dir='ltr'>obli-</span> 
     </span>
     <span class='ocr_line' id='line_1_18' title="bbox 89 1797 1294 1949; baseline -0.002 -80"><span class='ocrx_word' id='word_1_146' title='bbox 89 1860 93 1869; x_wconf 94' lang='lat'>.</span> <span class='ocrx_word' id='word_1_147' title='bbox 169 1802 338 1868; x_wconf 86' lang='lat' dir='ltr'>viscantur.</span> <span class='ocrx_word' id='word_1_148' title='bbox 395 1798 552 1864; x_wconf 82' lang='lat' dir='ltr'>Senectus</span> <span class='ocrx_word' id='word_1_149' title='bbox 587 1799 670 1863; x_wconf 86' lang='lat' dir='ltr'>enim</span> <span class='ocrx_word' id='word_1_150' title='bbox 688 1797 792 1949; x_wconf 26' lang='lat' dir='ltr'>1§puod</span> <span class='ocrx_word' id='word_1_151' title='bbox 824 1799 941 1886; x_wconf 82' lang='lat' dir='ltr'>frigida</span> <span class='ocrx_word' id='word_1_152' title='bbox 977 1810 1011 1866; x_wconf 91' lang='lat' dir='ltr'>et</span> <span class='ocrx_word' id='word_1_153' title='bbox 1043 1801 1216 1867; x_wconf 91' lang='lat' dir='ltr'>humorosa</span> <span class='ocrx_word' id='word_1_154' title='bbox 1244 1801 1294 1877; x_wconf 88' lang='lat' dir='ltr'>sit,</span> 
     </span>
     <span class='ocr_line' id='line_1_19' title="bbox 168 1881 1293 1971; baseline -0.004 -18"><span class='ocrx_word' id='word_1_155' title='bbox 168 1887 248 1953; x_wconf 90' lang='lat' dir='ltr'>mari</span> <span class='ocrx_word' id='word_1_156' title='bbox 269 1882 485 1970; x_wconf 87' lang='lat' dir='ltr'>comparabilis</span> <span class='ocrx_word' id='word_1_157' title='bbox 509 1881 639 1950; x_wconf 83' lang='lat' dir='ltr'>videtur.</span> <span class='ocrx_word' id='word_1_158' title='bbox 722 1904 774 1949; x_wconf 87' lang='lat' dir='ltr'>am</span> <span class='ocrx_word' id='word_1_159' title='bbox 806 1897 839 1952; x_wconf 90' lang='lat' dir='ltr'>et</span> <span class='ocrx_word' id='word_1_160' title='bbox 871 1896 1060 1971; x_wconf 86' lang='lat' dir='ltr'>tempestas,</span> <span class='ocrx_word' id='word_1_161' title='bbox 1101 1907 1165 1970; x_wconf 81' lang='lat' dir='ltr'>qua</span> <span class='ocrx_word' id='word_1_162' title='bbox 1189 1887 1293 1971; x_wconf 86' lang='lat' dir='ltr'>periit,</span> 
     </span>
     <span class='ocr_line' id='line_1_20' title="bbox 168 1963 1295 2120; baseline -0.002 -83"><span class='ocrx_word' id='word_1_163' title='bbox 168 1970 375 2116; x_wconf 58' lang='lat' dir='ltr'>ppssessioppis</span> <span class='ocrx_word' id='word_1_164' title='bbox 395 1966 631 2068; x_wconf 75' lang='lat' dir='ltr'>distractionem</span> <span class='ocrx_word' id='word_1_165' title='bbox 650 1963 816 2120; x_wconf 66' lang='lat' dir='ltr'>desigtpat3</span> <span class='ocrx_word' id='word_1_166' title='bbox 851 1970 942 2058; x_wconf 86' lang='lat' dir='ltr'>cujus</span> <span class='ocrx_word' id='word_1_167' title='bbox 961 1969 1173 2043; x_wconf 79' lang='lat' dir='ltr'>consideratio</span> <span class='ocrx_word' id='word_1_168' title='bbox 1194 1970 1295 2036; x_wconf 88' lang='lat' dir='ltr'>libidi-</span> 
     </span>
     <span class='ocr_line' id='line_1_21' title="bbox 125 2073 733 2125; baseline -0.01 0"><span class='ocrx_word' id='word_1_169' title='bbox 125 2076 217 2125; x_wconf 72' lang='lat' dir='ltr'>aoms</span> <span class='ocrx_word' id='word_1_170' title='bbox 235 2077 326 2120; x_wconf 87' lang='lat' dir='ltr'>rneen</span> <span class='ocrx_word' id='word_1_171' title='bbox 350 2073 412 2117; x_wconf 86' lang='lat' dir='ltr'>rum</span> <span class='ocrx_word' id='word_1_172' title='bbox 432 2074 487 2117; x_wconf 88' lang='lat' dir='ltr'>sae</span> <span class='ocrx_word' id='word_1_173' title='bbox 509 2075 613 2118; x_wconf 84' lang='lat' dir='ltr'>rssrme</span> <span class='ocrx_word' id='word_1_174' title='bbox 635 2074 733 2119; x_wconf 92' lang='lat' dir='ltr'>eneca</span> 
     </span>
    </p>

    <p class='ocr_par' dir='ltr' id='par_1_3' title="bbox 167 2075 1295 2481">
     <span class='ocr_line' id='line_1_22' title="bbox 252 2075 1295 2225; baseline -0.003 -20"><span class='ocrx_word' id='word_1_175' title='bbox 252 2140 304 2205; x_wconf 81' lang='lat'>20.</span> <span class='ocrx_word' id='word_1_176' title='bbox 346 2075 507 2201; x_wconf 72' lang='lat' dir='ltr'>Venereni</span> <span class='ocrx_word' id='word_1_177' title='bbox 525 2136 662 2225; x_wconf 90' lang='lat' dir='ltr'>denique</span> <span class='ocrx_word' id='word_1_178' title='bbox 679 2132 854 2224; x_wconf 72' lang='lat' dir='ltr'>philosophi</span> <span class='ocrx_word' id='word_1_179' title='bbox 884 2135 916 2202; x_wconf 89' lang='lat' dir='ltr'>iu</span> <span class='ocrx_word' id='word_1_180' title='bbox 937 2136 1047 2224; x_wconf 89' lang='lat' dir='ltr'>specie</span> <span class='ocrx_word' id='word_1_181' title='bbox 1076 2137 1160 2205; x_wconf 91' lang='lat' dir='ltr'>vitae</span> <span class='ocrx_word' id='word_1_182' title='bbox 1177 2136 1295 2225; x_wconf 89' lang='lat' dir='ltr'>philar-</span> 
     </span>
     <span class='ocr_line' id='line_1_23' title="bbox 168 2219 1295 2311; baseline -0.002 -21"><span class='ocrx_word' id='word_1_183' title='bbox 168 2224 263 2311; x_wconf 80' lang='lat' dir='ltr'>gicae</span> <span class='ocrx_word' id='word_1_184' title='bbox 293 2242 448 2311; x_wconf 88' lang='lat' dir='ltr'>posuere,</span> <span class='ocrx_word' id='word_1_185' title='bbox 487 2221 619 2309; x_wconf 87' lang='lat' dir='ltr'>ejusque</span> <span class='ocrx_word' id='word_1_186' title='bbox 651 2244 725 2289; x_wconf 92' lang='lat' dir='ltr'>cum</span> <span class='ocrx_word' id='word_1_187' title='bbox 753 2219 886 2288; x_wconf 81' lang='lat' dir='ltr'>Pallade</span> <span class='ocrx_word' id='word_1_188' title='bbox 915 2233 949 2288; x_wconf 90' lang='lat' dir='ltr'>et</span> <span class='ocrx_word' id='word_1_189' title='bbox 975 2222 1103 2289; x_wconf 88' lang='lat' dir='ltr'>Junone</span> <span class='ocrx_word' id='word_1_190' title='bbox 1135 2239 1295 2290; x_wconf 84' lang='lat' dir='ltr'>certamen</span> 
     </span>
     <span class='ocr_line' id='line_1_24' title="bbox 169 2306 1295 2397; baseline 0.001 -23"><span class='ocrx_word' id='word_1_191' title='bbox 169 2311 331 2395; x_wconf 75' lang='lat' dir='ltr'>eleganter</span> <span class='ocrx_word' id='word_1_192' title='bbox 366 2319 513 2373; x_wconf 86' lang='lat' dir='ltr'>statuere.</span> <span class='ocrx_word' id='word_1_193' title='bbox 573 2306 675 2397; x_wconf 84' lang='lat' dir='ltr'>Cujus</span> <span class='ocrx_word' id='word_1_194' title='bbox 715 2308 761 2373; x_wconf 92' lang='lat' dir='ltr'>rei</span> <span class='ocrx_word' id='word_1_195' title='bbox 797 2308 985 2393; x_wconf 79' lang='lat' dir='ltr'>figmentum</span> <span class='ocrx_word' id='word_1_196' title='bbox 1019 2320 1055 2375; x_wconf 90' lang='lat' dir='ltr'>ut</span> <span class='ocrx_word' id='word_1_197' title='bbox 1089 2309 1295 2397; x_wconf 77' lang='lat' dir='ltr'>explicemus,</span> 
     </span>
     <span class='ocr_line' id='line_1_25' title="bbox 167 2389 1295 2481; baseline -0.001 -22"><span class='ocrx_word' id='word_1_198' title='bbox 167 2394 264 2480; x_wconf 88' lang='lat' dir='ltr'>poulo</span> <span class='ocrx_word' id='word_1_199' title='bbox 291 2391 380 2459; x_wconf 88' lang='lat' dir='ltr'>altius</span> <span class='ocrx_word' id='word_1_200' title='bbox 410 2389 619 2457; x_wconf 86' lang='lat' dir='ltr'>exordiamur.</span> <span class='ocrx_word' id='word_1_201' title='bbox 667 2392 814 2481; x_wconf 82' lang='lat' dir='ltr'>luppiter</span> <span class='ocrx_word' id='word_1_202' title='bbox 840 2413 937 2478; x_wconf 87' lang='lat' dir='ltr'>quum</span> <span class='ocrx_word' id='word_1_203' title='bbox 966 2390 1138 2459; x_wconf 76' lang='lat' dir='ltr'>&#39;Photidem</span> <span class='ocrx_word' id='word_1_204' title='bbox 1163 2404 1295 2471; x_wconf 87' lang='lat' dir='ltr'>amaret,</span> 
     </span>
    </p>

    <p class='ocr_par' dir='ltr' id='par_1_4' title="bbox 125 2475 1296 2898">
     <span class='ocr_line' id='line_1_26' title="bbox 125 2475 1294 2567; baseline -0.004 -18"><span class='ocrx_word' id='word_1_205' title='bbox 125 2478 344 2567; x_wconf 78' lang='lat' dir='ltr'>asprohiottus</span> <span class='ocrx_word' id='word_1_206' title='bbox 364 2491 413 2543; x_wconf 87' lang='lat' dir='ltr'>est</span> <span class='ocrx_word' id='word_1_207' title='bbox 433 2498 453 2541; x_wconf 88' lang='lat' dir='ltr'>a</span> <span class='ocrx_word' id='word_1_208' title='bbox 473 2475 594 2542; x_wconf 86' lang='lat' dir='ltr'>Proteo</span> <span class='ocrx_word' id='word_1_209' title='bbox 614 2498 685 2543; x_wconf 89' lang='lat' dir='ltr'>cum</span> <span class='ocrx_word' id='word_1_210' title='bbox 708 2501 746 2543; x_wconf 90' lang='lat' dir='ltr'>ea</span> <span class='ocrx_word' id='word_1_211' title='bbox 763 2479 992 2556; x_wconf 87' lang='lat' dir='ltr'>concumbere,</span> <span class='ocrx_word' id='word_1_212' title='bbox 1017 2499 1059 2543; x_wconf 93' lang='lat' dir='ltr'>ne</span> <span class='ocrx_word' id='word_1_213' title='bbox 1079 2500 1175 2566; x_wconf 88' lang='lat' dir='ltr'>quem</span> <span class='ocrx_word' id='word_1_214' title='bbox 1194 2500 1294 2566; x_wconf 81' lang='lat' dir='ltr'>gene-</span> 
     </span>
     <span class='ocr_line' id='line_1_27' title="bbox 167 2561 1294 2651; baseline -0.003 -20"><span class='ocrx_word' id='word_1_215' title='bbox 167 2576 270 2641; x_wconf 86' lang='lat' dir='ltr'>raret,</span> <span class='ocrx_word' id='word_1_216' title='bbox 302 2561 356 2651; x_wconf 89' lang='lat' dir='ltr'>qui</span> <span class='ocrx_word' id='word_1_217' title='bbox 378 2583 414 2628; x_wconf 87' lang='lat' dir='ltr'>se</span> <span class='ocrx_word' id='word_1_218' title='bbox 434 2580 535 2646; x_wconf 81' lang='lat' dir='ltr'>regno</span> <span class='ocrx_word' id='word_1_219' title='bbox 556 2561 736 2650; x_wconf 81' lang='lat' dir='ltr'>expellerer.</span> <span class='ocrx_word' id='word_1_220' title='bbox 789 2562 846 2628; x_wconf 92' lang='lat' dir='ltr'>Ille</span> <span class='ocrx_word' id='word_1_221' title='bbox 873 2584 1064 2650; x_wconf 88' lang='lat' dir='ltr'>persuasus,</span> <span class='ocrx_word' id='word_1_222' title='bbox 1095 2563 1194 2630; x_wconf 86' lang='lat' dir='ltr'>Peleo</span> <span class='ocrx_word' id='word_1_223' title='bbox 1224 2586 1294 2629; x_wconf 88' lang='lat' dir='ltr'>earu</span> 
     </span>
     <span class='ocr_line' id='line_1_28' title="bbox 167 2644 1294 2749; baseline -0.002 -33"><span class='ocrx_word' id='word_1_224' title='bbox 167 2670 301 2717; x_wconf 82' lang='lat' dir='ltr'>uxorem</span> <span class='ocrx_word' id='word_1_225' title='bbox 333 2644 440 2725; x_wconf 80' lang='lat' dir='ltr'>dedit,</span> <span class='ocrx_word' id='word_1_226' title='bbox 478 2666 653 2735; x_wconf 88' lang='lat' dir='ltr'>eorumque</span> <span class='ocrx_word' id='word_1_227' title='bbox 680 2646 797 2749; x_wconf 91' lang='lat' dir='ltr'>nuptiis</span> <span class='ocrx_word' id='word_1_228' title='bbox 831 2645 901 2748; x_wconf 84' lang='lat' dir='ltr'>ipse</span> <span class='ocrx_word' id='word_1_229' title='bbox 930 2667 1004 2713; x_wconf 90' lang='lat' dir='ltr'>com</span> <span class='ocrx_word' id='word_1_230' title='bbox 1031 2645 1091 2716; x_wconf 89' lang='lat' dir='ltr'>diis</span> <span class='ocrx_word' id='word_1_231' title='bbox 1112 2661 1146 2716; x_wconf 94' lang='lat' dir='ltr'>et</span> <span class='ocrx_word' id='word_1_232' title='bbox 1172 2645 1294 2715; x_wconf 82' lang='lat' dir='ltr'>deabus</span> 
     </span>
     <span class='ocr_line' id='line_1_29' title="bbox 169 2730 1296 2822; baseline -0.002 -21"><span class='ocrx_word' id='word_1_233' title='bbox 169 2734 332 2822; x_wconf 84' lang='lat' dir='ltr'>omnibus,</span> <span class='ocrx_word' id='word_1_234' title='bbox 350 2742 483 2818; x_wconf 89' lang='lat' dir='ltr'>excepta</span> <span class='ocrx_word' id='word_1_235' title='bbox 503 2730 689 2812; x_wconf 85' lang='lat' dir='ltr'>Discordia,</span> <span class='ocrx_word' id='word_1_236' title='bbox 722 2732 871 2798; x_wconf 79' lang='lat' dir='ltr'>interfuit</span> <span class='ocrx_word' id='word_1_237' title='bbox 914 2730 970 2798; x_wconf 90' lang='lat' dir='ltr'>llla</span> <span class='ocrx_word' id='word_1_238' title='bbox 993 2732 1074 2800; x_wconf 88' lang='lat' dir='ltr'>irata</span> <span class='ocrx_word' id='word_1_239' title='bbox 1102 2732 1220 2800; x_wconf 87' lang='lat' dir='ltr'>malum</span> <span class='ocrx_word' id='word_1_240' title='bbox 1239 2755 1296 2800; x_wconf 87' lang='lat' dir='ltr'>au-</span> 
     </span>
     <span class='ocr_line' id='line_1_30' title="bbox 167 2815 1295 2898; baseline -0.001 -13"><span class='ocrx_word' id='word_1_241' title='bbox 167 2841 258 2887; x_wconf 91' lang='lat' dir='ltr'>reum</span> <span class='ocrx_word' id='word_1_242' title='bbox 279 2818 312 2884; x_wconf 94' lang='lat' dir='ltr'>in</span> <span class='ocrx_word' id='word_1_243' title='bbox 331 2818 469 2883; x_wconf 91' lang='lat' dir='ltr'>medium</span> <span class='ocrx_word' id='word_1_244' title='bbox 490 2816 585 2884; x_wconf 89' lang='lat' dir='ltr'>trium</span> <span class='ocrx_word' id='word_1_245' title='bbox 605 2816 754 2898; x_wconf 88' lang='lat' dir='ltr'>dearum,</span> <span class='ocrx_word' id='word_1_246' title='bbox 774 2815 916 2895; x_wconf 81' lang='lat' dir='ltr'>lunonis,</span> <span class='ocrx_word' id='word_1_247' title='bbox 937 2816 1076 2885; x_wconf 88' lang='lat' dir='ltr'>Palladis</span> <span class='ocrx_word' id='word_1_248' title='bbox 1097 2831 1133 2885; x_wconf 92' lang='lat' dir='ltr'>et</span> <span class='ocrx_word' id='word_1_249' title='bbox 1153 2819 1295 2895; x_wconf 86' lang='lat' dir='ltr'>Veneris,</span> 
     </span>
    </p>

    <p class='ocr_par' dir='ltr' id='par_1_5' title="bbox 125 2900 1296 3333">
     <span class='ocr_line' id='line_1_31' title="bbox 125 2900 1296 2995; baseline 0.002 -27"><span class='ocrx_word' id='word_1_250' title='bbox 125 2904 244 2995; x_wconf 78' lang='lat' dir='ltr'>adjecit</span> <span class='ocrx_word' id='word_1_251' title='bbox 276 2904 323 2971; x_wconf 89' lang='lat' dir='ltr'>sic</span> <span class='ocrx_word' id='word_1_252' title='bbox 354 2903 554 2989; x_wconf 87' lang='lat' dir='ltr'>inscriptum:</span> <span class='ocrx_word' id='word_1_253' title='bbox 597 2900 861 2967; x_wconf 80' lang='lat' dir='ltr'>Pulclrerrimae</span> <span class='ocrx_word' id='word_1_254' title='bbox 896 2902 1033 2967; x_wconf 78' lang='lat' dir='ltr'>donum.</span> <span class='ocrx_word' id='word_1_255' title='bbox 1086 2903 1162 2970; x_wconf 90' lang='lat' dir='ltr'>Illae</span> <span class='ocrx_word' id='word_1_256' title='bbox 1197 2904 1296 2991; x_wconf 79' lang='lat' dir='ltr'>igitur</span> 
     </span>
     <span class='ocr_line' id='line_1_32' title="bbox 168 2985 1296 3076; baseline 0 -20"><span class='ocrx_word' id='word_1_257' title='bbox 168 2990 212 3056; x_wconf 88' lang='lat' dir='ltr'>da</span> <span class='ocrx_word' id='word_1_258' title='bbox 233 2991 403 3057; x_wconf 78' lang='lat' dir='ltr'>formarum</span> <span class='ocrx_word' id='word_1_259' title='bbox 424 2985 604 3052; x_wconf 85' lang='lat' dir='ltr'>excellentia</span> <span class='ocrx_word' id='word_1_260' title='bbox 628 2997 803 3063; x_wconf 86' lang='lat' dir='ltr'>certantes,</span> <span class='ocrx_word' id='word_1_261' title='bbox 830 2986 917 3053; x_wconf 83' lang='lat' dir='ltr'>Jonis</span> <span class='ocrx_word' id='word_1_262' title='bbox 942 2985 1097 3076; x_wconf 86' lang='lat' dir='ltr'>judicium</span> <span class='ocrx_word' id='word_1_263' title='bbox 1119 2988 1296 3075; x_wconf 79' lang='lat' dir='ltr'>elegerunt.</span> 
     </span>
     <span class='ocr_line' id='line_1_33' title="bbox 167 3070 1296 3164; baseline -0.003 -22"><span class='ocrx_word' id='word_1_264' title='bbox 167 3080 209 3142; x_wconf 80' lang='lat' dir='ltr'>At</span> <span class='ocrx_word' id='word_1_265' title='bbox 239 3074 387 3164; x_wconf 88' lang='lat' dir='ltr'>Juppiter</span> <span class='ocrx_word' id='word_1_266' title='bbox 415 3071 495 3139; x_wconf 90' lang='lat' dir='ltr'>duas</span> <span class='ocrx_word' id='word_1_267' title='bbox 534 3070 642 3137; x_wconf 89' lang='lat' dir='ltr'>nolens</span> <span class='ocrx_word' id='word_1_268' title='bbox 676 3072 862 3149; x_wconf 79' lang='lat' dir='ltr'>offendere,</span> <span class='ocrx_word' id='word_1_269' title='bbox 898 3071 924 3138; x_wconf 90' lang='lat' dir='ltr'>si</span> <span class='ocrx_word' id='word_1_270' title='bbox 953 3074 1077 3140; x_wconf 90' lang='lat' dir='ltr'>tertiam</span> <span class='ocrx_word' id='word_1_271' title='bbox 1109 3074 1296 3161; x_wconf 84' lang='lat' dir='ltr'>praeferret,</span> 
     </span>
     <span class='ocr_line' id='line_1_34' title="bbox 168 3154 1294 3246; baseline -0.003 -20"><span class='ocrx_word' id='word_1_272' title='bbox 168 3182 224 3226; x_wconf 85' lang='lat' dir='ltr'>aas</span> <span class='ocrx_word' id='word_1_273' title='bbox 263 3160 305 3225; x_wconf 94' lang='lat' dir='ltr'>od</span> <span class='ocrx_word' id='word_1_274' title='bbox 342 3156 493 3223; x_wconf 87' lang='lat' dir='ltr'>Paridem</span> <span class='ocrx_word' id='word_1_275' title='bbox 527 3156 699 3225; x_wconf 86' lang='lat' dir='ltr'>transmisit</span> <span class='ocrx_word' id='word_1_276' title='bbox 739 3154 932 3224; x_wconf 78' lang='lat' dir='ltr'>&#39;udicandas</span> <span class='ocrx_word' id='word_1_277' title='bbox 985 3158 1049 3223; x_wconf 81' lang='lat' dir='ltr'>cni</span> <span class='ocrx_word' id='word_1_278' title='bbox 1081 3181 1179 3246; x_wconf 90' lang='lat' dir='ltr'>quum</span> <span class='ocrx_word' id='word_1_279' title='bbox 1209 3160 1294 3225; x_wconf 89' lang='lat' dir='ltr'>Juno</span> 
     </span>
     <span class='ocr_line' id='line_1_35' title="bbox 166 3181 1295 3333; baseline 0.001 -24"><span class='ocrx_word' id='word_1_280' title='bbox 166 3264 321 3333; x_wconf 75' lang='lat' dir='ltr'>regnum,</span> <span class='ocrx_word' id='word_1_281' title='bbox 356 3241 462 3308; x_wconf 86' lang='lat' dir='ltr'>Pallas</span> <span class='ocrx_word' id='word_1_282' title='bbox 501 3240 647 3308; x_wconf 80' lang='lat' dir='ltr'>virtutem</span> <span class='ocrx_word' id='word_1_283' title='bbox 686 3181 900 3329; x_wconf 84' lang='lat' dir='ltr'>polliceretur,</span> <span class='ocrx_word' id='word_1_284' title='bbox 945 3244 1153 3333; x_wconf 90' lang='lat' dir='ltr'>promissione</span> <span class='ocrx_word' id='word_1_285' title='bbox 1186 3254 1295 3312; x_wconf 87' lang='lat' dir='ltr'>tamen</span> 
     </span>
    </p>

    <p class='ocr_par' dir='ltr' id='par_1_6' title="bbox 125 3325 930 3417">
     <span class='ocr_line' id='line_1_36' title="bbox 125 3325 930 3417; baseline -0.009 -19"><span class='ocrx_word' id='word_1_286' title='bbox 125 3328 314 3398; x_wconf 74' lang='lat' dir='ltr'>tollelenae</span> <span class='ocrx_word' id='word_1_287' title='bbox 333 3327 490 3392; x_wconf 88' lang='lat' dir='ltr'>Venerem</span> <span class='ocrx_word' id='word_1_288' title='bbox 511 3325 751 3414; x_wconf 90' lang='lat' dir='ltr'>pulcherrimam</span> <span class='ocrx_word' id='word_1_289' title='bbox 768 3325 930 3417; x_wconf 83' lang='lat' dir='ltr'>judicarit.</span> 
     </span>
    </p>

    <p class='ocr_par' dir='ltr' id='par_1_7' title="bbox 166 3410 1296 3758">
     <span class='ocr_line' id='line_1_37' title="bbox 251 3410 1296 3504; baseline 0.003 -26"><span class='ocrx_word' id='word_1_290' title='bbox 251 3414 303 3478; x_wconf 85' lang='lat'>21.</span> <span class='ocrx_word' id='word_1_291' title='bbox 345 3411 450 3476; x_wconf 90' lang='lat' dir='ltr'>Porro</span> <span class='ocrx_word' id='word_1_292' title='bbox 472 3410 570 3476; x_wconf 89' lang='lat' dir='ltr'>Peleo</span> <span class='ocrx_word' id='word_1_293' title='bbox 595 3423 628 3479; x_wconf 87' lang='lat' dir='ltr'>et</span> <span class='ocrx_word' id='word_1_294' title='bbox 649 3411 788 3479; x_wconf 81' lang='lat' dir='ltr'>Thetide</span> <span class='ocrx_word' id='word_1_295' title='bbox 816 3411 950 3478; x_wconf 79' lang='lat' dir='ltr'>Achilles</span> <span class='ocrx_word' id='word_1_296' title='bbox 970 3424 1080 3494; x_wconf 88' lang='lat' dir='ltr'>natus,</span> <span class='ocrx_word' id='word_1_297' title='bbox 1113 3412 1204 3504; x_wconf 86' lang='lat' dir='ltr'>cujus</span> <span class='ocrx_word' id='word_1_298' title='bbox 1233 3415 1296 3481; x_wconf 82' lang='lat' dir='ltr'>rita</span> 
     </span>
     <span class='ocr_line' id='line_1_38' title="bbox 167 3494 1295 3588; baseline 0.001 -24"><span class='ocrx_word' id='word_1_299' title='bbox 167 3497 314 3564; x_wconf 86' lang='lat' dir='ltr'>omnibus</span> <span class='ocrx_word' id='word_1_300' title='bbox 336 3508 411 3562; x_wconf 91' lang='lat' dir='ltr'>nota</span> <span class='ocrx_word' id='word_1_301' title='bbox 432 3506 490 3562; x_wconf 76' lang='lat' dir='ltr'>est.</span> <span class='ocrx_word' id='word_1_302' title='bbox 545 3494 718 3562; x_wconf 75' lang='lat' dir='ltr'>&#39;l&#39;hetidem</span> <span class='ocrx_word' id='word_1_303' title='bbox 749 3497 847 3583; x_wconf 82' lang='lat' dir='ltr'>igitur</span> <span class='ocrx_word' id='word_1_304' title='bbox 876 3496 939 3562; x_wconf 94' lang='lat' dir='ltr'>dici</span> <span class='ocrx_word' id='word_1_305' title='bbox 968 3499 1136 3567; x_wconf 79' lang='lat' dir='ltr'>voluerunt</span> <span class='ocrx_word' id='word_1_306' title='bbox 1169 3522 1295 3588; x_wconf 85' lang='lat' dir='ltr'>aquam,</span> 
     </span>
     <span class='ocr_line' id='line_1_39' title="bbox 166 3579 1294 3673; baseline 0.003 -23"><span class='ocrx_word' id='word_1_307' title='bbox 166 3583 255 3650; x_wconf 88' lang='lat' dir='ltr'>unde</span> <span class='ocrx_word' id='word_1_308' title='bbox 277 3594 310 3647; x_wconf 91' lang='lat' dir='ltr'>et</span> <span class='ocrx_word' id='word_1_309' title='bbox 329 3580 415 3647; x_wconf 87' lang='lat' dir='ltr'>Nm</span> <span class='ocrx_word' id='word_1_310' title='bbox 437 3579 510 3646; x_wconf 89' lang='lat' dir='ltr'>ham</span> <span class='ocrx_word' id='word_1_311' title='bbox 531 3602 572 3669; x_wconf 88' lang='lat' dir='ltr'>ap</span> <span class='ocrx_word' id='word_1_312' title='bbox 597 3580 775 3649; x_wconf 85' lang='lat' dir='ltr'>ellnverunt.</span> <span class='ocrx_word' id='word_1_313' title='bbox 818 3582 912 3647; x_wconf 88' lang='lat' dir='ltr'>Hanc</span> <span class='ocrx_word' id='word_1_314' title='bbox 935 3582 1083 3670; x_wconf 87' lang='lat' dir='ltr'>Juppiter</span> <span class='ocrx_word' id='word_1_315' title='bbox 1103 3586 1194 3673; x_wconf 86' lang='lat' dir='ltr'>quasi</span> <span class='ocrx_word' id='word_1_316' title='bbox 1215 3586 1294 3653; x_wconf 88' lang='lat' dir='ltr'>deus</span> 
     </span>
     <span class='ocr_line' id='line_1_40' title="bbox 167 3603 1294 3758; baseline 0.001 -24"><span class='ocrx_word' id='word_1_317' title='bbox 167 3666 333 3757; x_wconf 79' lang='lat' dir='ltr'>conjungit</span> <span class='ocrx_word' id='word_1_318' title='bbox 362 3603 481 3745; x_wconf 74' lang='lat' dir='ltr'>l&#39;ele03</span> <span class='ocrx_word' id='word_1_319' title='bbox 519 3605 626 3752; x_wconf 63' lang='lat' dir='ltr'>scalde</span> <span class='ocrx_word' id='word_1_320' title='bbox 654 3667 737 3733; x_wconf 91' lang='lat' dir='ltr'>enim</span> <span class='ocrx_word' id='word_1_321' title='bbox 765 3669 893 3732; x_wconf 87' lang='lat' dir='ltr'>Graece</span> <span class='ocrx_word' id='word_1_322' title='bbox 919 3665 1035 3732; x_wconf 83' lang='lat' dir='ltr'>lutum</span> <span class='ocrx_word' id='word_1_323' title='bbox 1060 3668 1294 3758; x_wconf 86' lang='lat' dir='ltr'>interpretatur.</span> 
     </span>
    </p>
   </div>
   <div class='ocr_carea' id='block_1_3' title="bbox 120 3750 1297 4353">
    <p class='ocr_par' dir='ltr' id='par_1_8' title="bbox 120 3750 1297 4353">
     <span class='ocr_line' id='line_1_41' title="bbox 123 3750 1295 3900; baseline -0.004 -75"><span class='ocrx_word' id='word_1_324' title='bbox 123 3753 260 3840; x_wconf 77' lang='lat' dir='ltr'>tuErgo</span> <span class='ocrx_word' id='word_1_325' title='bbox 298 3765 414 3818; x_wconf 89' lang='lat' dir='ltr'>terram</span> <span class='ocrx_word' id='word_1_326' title='bbox 442 3772 517 3815; x_wconf 93' lang='lat' dir='ltr'>cum</span> <span class='ocrx_word' id='word_1_327' title='bbox 535 3773 631 3900; x_wconf 52' lang='lat' dir='ltr'>,apua</span> <span class='ocrx_word' id='word_1_328' title='bbox 660 3751 789 3818; x_wconf 82' lang='lat' dir='ltr'>mixtam</span> <span class='ocrx_word' id='word_1_329' title='bbox 815 3750 968 3837; x_wconf 83' lang='lat' dir='ltr'>genuisse</span> <span class='ocrx_word' id='word_1_330' title='bbox 996 3752 1103 3821; x_wconf 85' lang='lat' dir='ltr'>volunt</span> <span class='ocrx_word' id='word_1_331' title='bbox 1129 3755 1295 3822; x_wconf 87' lang='lat' dir='ltr'>hominem.</span> 
     </span>
     <span class='ocr_line' id='line_1_42' title="bbox 165 3834 1295 3927; baseline 0 -22"><span class='ocrx_word' id='word_1_332' title='bbox 165 3838 274 3927; x_wconf 87' lang='lat' dir='ltr'>Ipsum</span> <span class='ocrx_word' id='word_1_333' title='bbox 315 3835 428 3900; x_wconf 81' lang='lat' dir='ltr'>Jorem</span> <span class='ocrx_word' id='word_1_334' title='bbox 471 3834 569 3901; x_wconf 78' lang='lat' dir='ltr'>Theti</span> <span class='ocrx_word' id='word_1_335' title='bbox 593 3835 619 3901; x_wconf 87' lang='lat' dir='ltr'>is</span> <span class='ocrx_word' id='word_1_336' title='bbox 654 3836 761 3904; x_wconf 88' lang='lat' dir='ltr'>serunt</span> <span class='ocrx_word' id='word_1_337' title='bbox 795 3836 997 3905; x_wconf 89' lang='lat' dir='ltr'>concubitum</span> <span class='ocrx_word' id='word_1_338' title='bbox 1047 3852 1193 3925; x_wconf 88' lang='lat' dir='ltr'>optasse,</span> <span class='ocrx_word' id='word_1_339' title='bbox 1237 3839 1295 3907; x_wconf 84' lang='lat' dir='ltr'>sed</span> 
     </span>
     <span class='ocr_line' id='line_1_43' title="bbox 165 3918 1297 4010; baseline 0.004 -22"><span class='ocrx_word' id='word_1_340' title='bbox 165 3925 295 3990; x_wconf 84' lang='lat' dir='ltr'>vetitum</span> <span class='ocrx_word' id='word_1_341' title='bbox 317 3942 407 3997; x_wconf 90' lang='lat' dir='ltr'>esse,</span> <span class='ocrx_word' id='word_1_342' title='bbox 443 3939 485 3983; x_wconf 92' lang='lat' dir='ltr'>ne</span> <span class='ocrx_word' id='word_1_343' title='bbox 503 3918 653 4008; x_wconf 81' lang='lat' dir='ltr'>majorem</span> <span class='ocrx_word' id='word_1_344' title='bbox 679 3943 717 3986; x_wconf 90' lang='lat' dir='ltr'>se</span> <span class='ocrx_word' id='word_1_345' title='bbox 736 3934 927 4008; x_wconf 82' lang='lat' dir='ltr'>generaret;</span> <span class='ocrx_word' id='word_1_346' title='bbox 962 3922 1035 4008; x_wconf 85' lang='lat' dir='ltr'>quia</span> <span class='ocrx_word' id='word_1_347' title='bbox 1055 3924 1156 4010; x_wconf 83' lang='lat' dir='ltr'>ignis,</span> <span class='ocrx_word' id='word_1_348' title='bbox 1193 3923 1226 3991; x_wconf 91' lang='lat' dir='ltr'>id</span> <span class='ocrx_word' id='word_1_349' title='bbox 1248 3936 1297 3991; x_wconf 86' lang='lat' dir='ltr'>est</span> 
     </span>
     <span class='ocr_line' id='line_1_44' title="bbox 163 4007 1294 4110; baseline 0.002 -37"><span class='ocrx_word' id='word_1_350' title='bbox 163 4008 328 4110; x_wconf 77' lang='lat' dir='ltr'>luppiter,</span> <span class='ocrx_word' id='word_1_351' title='bbox 360 4007 384 4070; x_wconf 90' lang='lat' dir='ltr'>si</span> <span class='ocrx_word' id='word_1_352' title='bbox 404 4024 477 4068; x_wconf 89' lang='lat' dir='ltr'>cum</span> <span class='ocrx_word' id='word_1_353' title='bbox 503 4026 586 4092; x_wconf 84' lang='lat' dir='ltr'>aqua</span> <span class='ocrx_word' id='word_1_354' title='bbox 606 4009 716 4077; x_wconf 75' lang='lat' dir='ltr'>co&#39;eat,</span> <span class='ocrx_word' id='word_1_355' title='bbox 749 4028 853 4093; x_wconf 89' lang='lat' dir='ltr'>aquae</span> <span class='ocrx_word' id='word_1_356' title='bbox 874 4008 990 4073; x_wconf 87' lang='lat' dir='ltr'>virtute</span> <span class='ocrx_word' id='word_1_357' title='bbox 1010 4009 1216 4091; x_wconf 73' lang='lat' dir='ltr'>extinguitur.</span> <span class='ocrx_word' id='word_1_358' title='bbox 1257 4011 1294 4075; x_wconf 92' lang='lat' dir='ltr'>ln</span> 
     </span>
     <span class='ocr_line' id='line_1_45' title="bbox 162 4089 1295 4182; baseline 0 -23"><span class='ocrx_word' id='word_1_359' title='bbox 162 4090 387 4182; x_wconf 76' lang='lat' dir='ltr'>conpunctione</span> <span class='ocrx_word' id='word_1_360' title='bbox 405 4098 511 4155; x_wconf 84' lang='lat' dir='ltr'>autem</span> <span class='ocrx_word' id='word_1_361' title='bbox 532 4111 635 4176; x_wconf 84' lang='lat' dir='ltr'>aquae</span> <span class='ocrx_word' id='word_1_362' title='bbox 655 4102 688 4154; x_wconf 91' lang='lat' dir='ltr'>et</span> <span class='ocrx_word' id='word_1_363' title='bbox 707 4100 830 4170; x_wconf 87' lang='lat' dir='ltr'>terrae,</span> <span class='ocrx_word' id='word_1_364' title='bbox 866 4089 902 4158; x_wconf 91' lang='lat' dir='ltr'>id</span> <span class='ocrx_word' id='word_1_365' title='bbox 930 4092 1146 4161; x_wconf 62' lang='lat' dir='ltr'>astruendis</span> <span class='ocrx_word' id='word_1_366' title='bbox 1177 4106 1209 4161; x_wconf 89' lang='lat' dir='ltr'>et</span> <span class='ocrx_word' id='word_1_367' title='bbox 1230 4095 1295 4160; x_wconf 86' lang='lat' dir='ltr'>Pe-</span> 
     </span>
     <span class='ocr_line' id='line_1_46' title="bbox 120 4172 1295 4265; baseline 0.004 -28"><span class='ocrx_word' id='word_1_368' title='bbox 120 4175 222 4257; x_wconf 72' lang='lat' dir='ltr'>talei,</span> <span class='ocrx_word' id='word_1_369' title='bbox 241 4174 402 4243; x_wconf 90' lang='lat' dir='ltr'>discordia</span> <span class='ocrx_word' id='word_1_370' title='bbox 421 4172 489 4241; x_wconf 88' lang='lat' dir='ltr'>sola</span> <span class='ocrx_word' id='word_1_371' title='bbox 510 4196 572 4238; x_wconf 93' lang='lat' dir='ltr'>non</span> <span class='ocrx_word' id='word_1_372' title='bbox 595 4173 760 4254; x_wconf 86' lang='lat' dir='ltr'>invitatur,</span> <span class='ocrx_word' id='word_1_373' title='bbox 791 4175 867 4264; x_wconf 87' lang='lat' dir='ltr'>quia</span> <span class='ocrx_word' id='word_1_374' title='bbox 887 4175 1058 4242; x_wconf 88' lang='lat' dir='ltr'>concordia</span> <span class='ocrx_word' id='word_1_375' title='bbox 1079 4181 1185 4265; x_wconf 89' lang='lat' dir='ltr'>potius</span> <span class='ocrx_word' id='word_1_376' title='bbox 1207 4193 1295 4245; x_wconf 89' lang='lat' dir='ltr'>utro-</span> 
     </span>
     <span class='ocr_line' id='line_1_47' title="bbox 161 4258 1294 4353; baseline -0.001 -23"><span class='ocrx_word' id='word_1_377' title='bbox 161 4282 299 4352; x_wconf 85' lang='lat' dir='ltr'>rumque</span> <span class='ocrx_word' id='word_1_378' title='bbox 317 4260 387 4326; x_wconf 89' lang='lat' dir='ltr'>fieri</span> <span class='ocrx_word' id='word_1_379' title='bbox 419 4258 648 4329; x_wconf 88' lang='lat' dir='ltr'>elementorum</span> <span class='ocrx_word' id='word_1_380' title='bbox 683 4280 816 4329; x_wconf 86' lang='lat' dir='ltr'>necesse</span> <span class='ocrx_word' id='word_1_381' title='bbox 834 4272 900 4343; x_wconf 87' lang='lat' dir='ltr'>est,</span> <span class='ocrx_word' id='word_1_382' title='bbox 936 4275 975 4329; x_wconf 90' lang='lat' dir='ltr'>ut</span> <span class='ocrx_word' id='word_1_383' title='bbox 1004 4260 1099 4329; x_wconf 90' lang='lat' dir='ltr'>homo</span> <span class='ocrx_word' id='word_1_384' title='bbox 1130 4267 1294 4353; x_wconf 78' lang='lat' dir='ltr'>gignatur.</span> 
     </span>
    </p>
   </div>
   <div class='ocr_carea' id='block_1_4' title="bbox 0 0 1324 5130">
    <p class='ocr_par' dir='ltr' id='par_1_9' title="bbox 0 0 1324 5130">
     <span class='ocr_line' id='line_1_48' title="bbox 0 0 1324 5130; baseline 0 0"><span class='ocrx_word' id='word_1_385' title='bbox 0 0 1324 5130; x_wconf 95' lang='lat' dir='ltr'> </span> 
     </span>
    </p>
   </div>
  </div>
 </body>
</html>
