2640 5130
351 579 531 682 ιιμιψ.
558 581 630 654 ιιι.
683 580 724 656 o.
778 566 972 657 ιιί-ιε.
1147 581 1225 658 ros

99 763 811 937 tltttlt,tnttlsstllttltllt
825 766 1225 939 ttttlt‘ll‘lt‘ni‘

99 937 137 1000 Si
164 936 249 1001 enirn
278 934 379 1002 Adum
405 931 549 1023 superior
574 959 610 1001 se
630 935 751 1004 rutione
771 937 921 1014 rexisset,
951 960 1015 1002 non
1043 935 1127 1003 illum
1153 936 1222 1004 Eva

97 1019 229 1086 inferior
252 1019 438 1087 seduxisset
480 1021 566 1086 Hinc
586 1032 649 1099 est,
681 1019 767 1109 quod
787 1020 961 1109 philosophi
982 1024 1133 1088 rationem
1155 1044 1222 1090 me·

97 1106 150 1190 gis
181 1117 217 1172 et
245 1106 441 1192 opinionem,
479 1127 574 1191 quem
603 1106 763 1173 veritatem
795 1119 1004 1196 exequentes,
1036 1107 1246 1177 detrimeutno

97 1190 222 1256 animae
253 1192 316 1257 hoo
347 1189 443 1256 modo
471 1204 504 1256 et
531 1191 656 1278 poetice
680 1191 839 1278 inquirunt
869 1204 902 1259 ct
921 1214 957 1257 sc
985 1190 1224 1282 deprehendere

97 1287 221 1362 potunt.
264 1275 301 1341 si
322 1276 575 1362 enirnosetcrns
595 1287 661 1355 est,
686 1276 788 1366 ajunt,
816 1289 850 1343 et
869 1277 979 1345 summi
1002 1278 1128 1365 spiritus
1149 1299 1223 1382 pars

97 1362 229 1446 (omnes
250 1361 333 1425 enim
354 1360 386 1425 iu
408 1360 510 1426 anima
531 1358 592 1425 deo
613 1360 726 1429 similes
752 1362 828 1429 tacti
847 1361 991 1446 sumus),
1018 1385 1082 1450 qun
1100 1376 1224 1430 rotrone

96 1446 129 1510 iu
156 1464 295 1534 corpore
322 1468 384 1510 non
412 1459 512 1512 toturn
540 1444 639 1524 videt,
669 1467 731 1513 neo
762 1457 869 1512 tuntue
897 1461 946 1514 est
968 1447 1155 1526 viruoitstis,
1186 1454 1223 1516 ut

98 1531 204 1597 omnio
237 1531 336 1616 possit
363 1531 565 1616 agnoscere?
606 1530 706 1610 Quin,
738 1529 897 1618 inquiunt,
928 1555 1025 1620 quum
1058 1535 1163 1622 coepit
1191 1534 1266 1602 into

96 1636 215 1703 corpus
237 1612 450 1697 descendere,
470 1627 560 1702 potet
579 1615 737 1681 stultitiam
757 1628 792 1684 ει
811 1616 1004 1683 oblivionem.
1045 1617 1140 1683 Unde
1159 1639 1223 1687 uon

97 1712 203 1788 potest
224 1714 297 1787 post
316 1712 448 1767 naturae
465 1722 545 1765 suae
559 1700 744 1766 oblivionem
759 1701 890 1768 numinis
904 1703 952 1767 sui
967 1702 1027 1767 vim
1043 1699 1224 1806 adimplere.

98 1787 192 1858 Quae
212 1799 320 1852 sutem
340 1784 389 1851 illa
411 1787 451 1853 sit
470 1784 602 1864 obtine,
629 1786 772 1873 superius
801 1787 1017 1874 expressimus.
1058 1786 1104 1854 Ut
1127 1789 1225 1877 rgitm

99 1867 725 2023 lsttitltltttttllllltlttt
744 1870 1122 2024 'tillidi-'tlt
1135 1875 1266 2027 “tls

98 2039 240 2106 cundum
269 2039 471 2127 philosophos
500 2039 685 2108 futurorum.
761 2039 824 2108 nde
852 1979 1000 2127 Viigilins
1019 2002 1157 2109 mediuin
1177 2056 1226 2111 te-

100 2126 186 2206 nuit,
218 2123 374 2193 dicendo:
403 2123 544 2190 Oblivio
563 2135 700 2212 potunt.

185 2212 237 2277 17.
279 2211 367 2277 Sane
393 2208 436 2273 de
462 2207 564 2274 reditu
593 2209 765 2276 animorum
783 2208 897 2296 ingens
918 2206 1003 2298 spud
1026 2208 1227 2301 philosophos

101 2296 257 2383 expositio
286 2308 351 2373 ost;
379 2292 540 2380 quomodo
568 2292 727 2374 videlicet,
757 2294 941 2381 edonare,
969 2308 1135 2444 postpusm
1156 2318 1226 2367 cor·

99 2401 180 2468 pore
199 2393 316 2446 exutae
337 2378 468 2458 luerint,
488 2390 552 2444 tum
573 2379 726 2458 sontium,
746 2376 920 2445 secundum
932 2379 1045 2444 nonnul
1057 2404 1093 2448 os
1106 2403 1269 2461 eorumne

99 2486 198 2566 quum
221 2464 434 2532 innocentium
461 2464 583 2528 nnimoe
610 2462 651 2529 nd
680 2476 765 2531 astru
795 2463 989 2537 reserentur,
1024 2477 1060 2531 ut
1086 2478 1142 2534 sut
1168 2488 1227 2556 pro

99 2563 184 2616 ntes
215 2552 319 2640 pretio
352 2547 471 2637 optime
500 2546 648 2613 mercede
675 2560 823 2615 aeternae
853 2546 932 2613 tucn
959 2546 1135 2632 donentur,
1172 2563 1229 2619 out

99 2654 160 2721 pro
181 2636 266 2701 mele
286 2632 459 2701 commissis
480 2633 522 2698 ub
542 2632 619 2720 ipsis
638 2633 733 2701 stellis
774 2630 956 2715 roiioisntur
973 2632 1020 2697 vel
1040 2657 1227 2705 consumun-

100 2734 175 2797 tur,
196 2741 261 2786 non
281 2721 326 2788 its
346 2729 382 2786 ut
402 2726 551 2807 pereunt,
570 2715 628 2783 sed
649 2731 723 2785 utu
761 2717 897 2805 ignotus.
938 2717 1035 2784 Unde
1054 2720 1139 2788 idern
1158 2721 1227 2790 Vir-

99 2803 197 2891 gilius
218 2805 272 2871 hic
292 2825 421 2892 quoque
439 2823 503 2867 non
525 2801 701 2883 absurdum
978 2841 982 2849 ·

188 2889 333 2963 Scilicet
349 2888 417 2953 huc
438 2886 558 2968 reddi,
583 2885 707 2952 deinde
723 2880 790 2949 huc
810 2882 962 2950 resoluto
981 2880 1108 2968 referri
1222 2902 1229 2913 ‘

185 2973 340 3050 Omnioe
365 2994 426 3036 nec
447 2969 553 3035 morti
572 2991 646 3037 esse
663 2967 792 3044 locum,
819 2965 880 3031 sed
897 2970 978 3032 vivo
997 2968 1114 3033 volare

187 3056 325 3122 Sideris
340 3055 379 3121 in
399 3074 600 3136 numerum,
630 3064 735 3143 atque
753 3051 827 3116 olto
846 3050 1024 3116 succedere
1043 3052 1145 3119 coelo.

98 3141 145 3210 Ut
172 3141 345 3208 Lucanus:

184 3227 358 3293 Innocuos
377 3220 453 3288 uita
470 3219 646 3307 patienter
665 3215 815 3282 aetlteris
836 3215 900 3280 imi
1230 3244 1271 3295 ω

184 3309 307 3386 Fecit,
336 3315 371 3372 et
389 3312 548 3368 aeternos
567 3299 706 3365 animos
726 3299 865 3386 collegit
886 3297 924 3361 in
945 3296 1050 3362 orbes.

99 3393 174 3463 Nec
202 3393 339 3468 mirum,
389 3384 521 3453 nomin
550 3385 597 3450 or'
622 3385 705 3451 inem
733 3406 824 3449 suem
851 3381 956 3448 redire
977 3381 1079 3447 omniu
1099 3381 1229 3450 munile-

99 3492 187 3549 stum
207 3478 258 3545 sit.
300 3413 387 3543 Nihil
408 3473 512 3553 enim,
531 3492 594 3558 quo
640 3469 743 3558 perire
764 3464 903 3533 funditus
924 3467 1040 3555 possit,
1073 3488 1169 3553 quum
1190 3467 1229 3534 sit

98 3562 283 3633 secundnm
311 3556 434 3648 philoso
458 3556 516 3621 lros
543 3548 584 3623 τὸ
615 3557 706 3632 πᾶν,
735 3550 769 3617 id
799 3560 847 3616 est
873 3573 989 3628 oniae,
1015 3551 1047 3615 in
1072 3550 1159 3638 quod
1181 3572 1228 3616 re·

98 3649 203 3717 dsunt
231 3647 387 3712 universo.
436 3580 510 3707 iseo
542 3650 668 3715 sutem,
710 3657 792 3723 quse
820 3657 906 3701 mors
934 3647 1081 3708 rooutur,
1124 3649 1159 3701 ot
1186 3637 1270 3710 sitas

99 3735 252 3807 Servius,
275 3753 338 3796 non
359 3738 409 3794 est
430 3746 532 3799 mors,
553 3720 611 3789 sed
630 3719 762 3798 solutio,
794 3720 867 3806 quip
891 3741 909 3784 ε
929 3741 1012 3805 quoe
1033 3718 1105 3784 nihii
1126 3721 1230 3806 perire

100 3821 190 3887 lecit.
234 3813 331 3883 Unde
352 3813 432 3878 mire
456 3833 477 3874 u
502 3807 660 3895 plerisque
685 3803 828 3873 interitus
878 3805 940 3869 icto
967 3814 1033 3878 est,
1062 3806 1150 3889 qussi
1179 3826 1230 3870 res

99 3902 315 3971 interveniens
336 3910 369 3967 et
388 3895 555 3960 mixtorum
576 3913 682 3957 rerum
704 3888 928 3955 connexionem
952 3886 1125 3965 resolvens,
1152 3911 1231 3976 qua·

99 4013 165 4078 qne
188 4009 251 4052 neo
270 3983 347 4071 ipsis
368 3978 555 4066 corporibus
573 3976 737 4063 continget
752 3973 888 4053 interire,
907 3993 1003 4062 quum
1020 3994 1079 4037 non
1091 3984 1232 4059 pereunt,

100 4075 161 4141 sed
183 4073 216 4137 in
238 4071 393 4135 elemento
418 4063 587 4129 solvantur.
932 4136 941 4152 .
1076 4137 1085 4154 ¹
1239 4073 1275 4122 to

192 4159 244 4222 le
287 4153 340 4220 lle
376 4149 567 4249 purgatione
597 4163 672 4210 vero
702 4141 874 4207 animarum
901 4157 980 4202 mue
1007 4146 1159 4217 sentiunt,
1199 4148 1236 4206 ut

100 4243 259 4330 Virgilius
290 4249 444 4313 testatur,
547 4251 597 4325 os:
881 4302 889 4316 .

189 4344 482 4376 ---··--··
501 4313 627 4381 ¹Altae
650 4307 854 4394 panduntur
875 4324 995 4395 recines

191 4411 390 4491 Suspensas
412 4400 461 4464 od
480 4409 617 4470 ceuton
644 4392 727 4457 aliis
747 4387 807 4454 sub
827 4397 981 4480 gurgite
994 4394 1089 4478 vasto

190 4491 236 4559 In
259 4497 373 4554 ectum
396 4483 530 4548 eluitur
550 4478 679 4552 scelus,
705 4487 768 4537 out
789 4480 1056 4564 exteratur-igni.
1248 4494 1283 4541 to

102 4581 156 4651 lbi
183 4598 270 4642 enlm
291 4583 326 4639 et
344 4568 505 4658 poeticam
532 4573 654 4638 serrat,
685 4571 718 4624 ct
744 4581 764 4624 n
789 4549 982 4641 philosophus
1016 4570 1076 4612 non
1109 4551 1240 4620 recedit,
