2640 5130
516 586 801 647 PROOEMIUM.
1182 594 1220 649 lx

99 756 272 833 hane:
300 752 473 857 qnodque
489 754 601 854 pluris
618 756 775 853 interest,
802 759 897 833 omni
913 754 997 831 binc
1017 755 1223 835 bcuuarnm

99 858 304 935 modo
345 856 505 957 expediri
542 858 727 933 editionem
767 886 878 933 meam
914 884 1018 959 porse
1055 856 1218 960 cognovi.

100 962 171 1037 h
192 960 422 1035 chartaceum
446 958 543 1031 bnnc
569 960 725 1035 codicem
749 988 793 1035 ex
816 961 1009 1059 antiquiore
1031 962 1221 1060 exemplari

100 1062 191 1139 idac
215 1062 462 1161 desumptum,
497 1062 653 1161 Reginae
685 1062 743 1136 ille
770 1076 933 1163 pervetus
963 1063 1047 1135 satis
1076 1063 1218 1137 demon·

102 1176 194 1239 aa:
221 1178 299 1237 tum
322 1188 410 1236 vero
433 1164 571 1260 inipso
594 1163 776 1238 chartaceo
801 1176 895 1238 certa
919 1162 995 1236 e'us
1020 1166 1070 1237 rei
1091 1165 1219 1239 indicia

101 1278 188 1359 u,
215 1290 333 1339 mena
354 1264 491 1337 scilicet
506 1268 544 1336 in
567 1268 705 1365 paginis
729 1269 841 1365 spatia
865 1292 887 1339 a
906 1192 1047 1339 librario
1069 1269 1219 1364 sparsim

65 1346 69 1449 l
100 1368 226 1459 afficta,
262 1369 348 1467 quia
374 1364 566 1439 fatiscentis
590 1379 762 1441 vetustate
787 1367 1011 1466 exemplaris,
1041 1368 1134 1441 unde
1157 1395 1218 1441 ex·

100 1468 283 1559 rcribebat,
315 1467 413 1539 band
436 1470 553 1541 omnia
574 1468 681 1541 verba
706 1470 820 1569 legere
840 1469 964 1568 potuit.
1015 1468 1220 1545 Secundum

99 1596 171 1671 erpo
198 1568 496 1743 ιμΙιοῇψΙιυω
524 1572 656 1669 antiqui
685 1572 815 1645 codicis
841 1570 1043 1645 auctoritate
1074 1570 1214 1664 fultum,

99 1674 286 1745 recentioris
374 1670 499 1743 uelioio
537 1671 768 1772 completum,
812 1671 1027 1745 exhibemus.
1102 1672 1218 1746 Porro

101 1770 171 1845 bu‘c
197 1771 406 1871 mqtbologo
434 1775 658 1871 praeponitur
684 1776 721 1846 iu
751 1776 947 1872 antiquiore
977 1772 1096 1846 codice
1127 1772 1218 1845 indi·

101 1874 188 1947 mlo
222 1873 448 1965 fabularum,
498 1877 559 1973 qui
591 1878 754 1974 quoniam
789 1900 829 1947 ea
865 1876 954 1946 serie
988 1871 1216 1964 scribebatur,

101 1998 190 2071 quar
206 1987 329 2050 mneut
350 1974 508 2069 fabulae,
535 2002 556 2048 a
574 2004 630 2050 me
648 1977 838 2075 prudenter
855 1988 895 2048 ut
914 1985 1000 2072 puto
1019 1978 1219 2048 immutatus

102 2088 161 2169 cat,
191 2091 298 2176 atquc
322 2076 370 2147 ad
397 2076 644 2150 elementorum
672 2079 828 2151 ordinem
854 2087 1054 2168 revocatus,
1088 2076 1220 2148 inserto

103 2180 188 2273 primi
220 2204 367 2277 quoque
399 2178 590 2278 mytbologi
617 2180 791 2253 indiculo:
832 2203 902 2277 qua
932 2203 1008 2250 mea
1026 2175 1220 2249 sedulitate

102 2276 272 2379 agndum
300 2280 534 2353 commoditati
558 2283 641 2354 satis
669 2282 863 2354 consultum
887 2279 1008 2353 reor.''

160 2384 207 2457 V.
230 2382 465 2455 “Vaticanus
488 2385 610 2454 tertius
632 2382 905 2482 mytbograpbns
927 2381 1060 2454 diversa
1081 2404 1102 2451 a
1124 2380 1218 2477 prio·

102 2480 183 2557 ribus
201 2486 337 2557 ratione
357 2485 594 2581 componitur:
619 2484 670 2555 illi
689 2486 781 2556 euim
800 2486 930 2555 minute
950 2481 1219 2581 singillatimque

103 2580 229 2657 drumm
251 2598 288 2658 et
306 2584 486 2658 bominum
508 2584 643 2658 t'nbulas
666 2584 843 2680 scribunt,
875 2584 935 2656 hic
952 2585 1219 2682 praecipuorum

103 2686 323 2761 tantummodo
351 2686 493 2760 deorum
524 2712 567 2759 ao
595 2686 823 2760 semideorum
853 2684 1031 2758 fabulosas
1056 2683 1220 2757 historias

104 2791 287 2861 mntinuato
305 2788 386 2861 stilo
403 2790 603 2885 exequitur3
626 2814 738 2886 neque
755 2785 918 2861 brevibus
936 2785 1216 2877 narratiunculis,

105 2888 153 2959 ud
174 2890 362 2988 perampbs
382 2889 586 2962 tractatibus
609 2902 755 2963 constat.
808 2890 893 2961 dam
914 2890 980 2961 etsi
1000 2887 1059 2960 bic
1081 2886 1218 2984 mytho·

107 2992 242 3087 paphus
276 2994 315 3063 in
349 3002 519 3089 quatuor,
568 3003 607 3063 ut
639 2991 734 3084 dixi,
781 2992 959 3062 rabennae
991 2988 1220 3087 bibliothecae

108 3092 270 3165 radicibus
295 3102 456 3191 superest
482 3089 645 3192 (quorum
668 3092 738 3165 duo
762 3089 807 3164 ad
830 3093 1002 3190 Reginam
1026 3089 1221 3164 Svecorum

106 3192 358 3293 pertinuerunt),
386 3204 534 3266 attamen
552 3196 702 3268 auctoris
718 3194 857 3266 nomine
878 3191 1007 3289 ubique
1034 3202 1147 3263 caret:
1176 3189 1221 3263 de

102 3308 371 3469 aaut
385 3294 646 3495 artato

106 3494 180 3569 inter
202 3497 312 3571 bbros
341 3498 409 3567 viri
437 3496 626 3571 doctissimi
657 3498 771 3569 isaaci
798 3497 939 3589 Vossii,
977 3520 1081 3593 wem
1110 3494 1221 3593 regali

106 3594 288 3673 Christiane
312 3596 541 3672 bibliothecae
564 3600 755 3697 praefuisse
779 3600 921 3671 scimus.

204 3702 384 3772 “Etenim
416 3699 598 3773 Cornelius
629 3700 769 3772 Tollius
800 3701 837 3771 in
869 3694 1146 3771 adnotationibus
1175 3692 1222 3768 ad

106 3796 343 3898 Pdnepbatum
367 3827 405 3898 p.
418 3798 501 3872 242
528 3801 622 3900 (utor
648 3804 844 3874 narratione
872 3799 1026 3871 fabricii
1045 3796 1132 3869 bibl.
1155 3796 1217 3868 lut.

106 3896 156 3971 lib.
179 3904 238 3996 ll,
269 3901 313 3994 l,
361 3904 443 3998 quia
481 3903 589 3976 Tollii
623 3903 838 4001 Palaephato
873 3898 996 4002 careo)
1036 3901 1073 3971 in
1108 3899 1222 3969 bacci

105 4000 208 4077 l'ossii
252 4003 463 4077 bibliotheca
509 4003 616 4078 luisse
655 4007 703 4076 ait
748 4002 1022 4104 “mptbolopum
1065 4001 1220 4097 priscum

105 4150 126 4191 ,2
135 4107 323 4196 ineditum,
370 4102 519 4179 Albrico
557 4108 790 4204 Boccotioque
830 4106 934 4203 longe
971 4102 1218 4199 antiquiorem,

103 4212 187 4304 „qui
208 4236 253 4281 cx
276 4234 319 4280 eo
339 4207 446 4279 multa
465 4206 736 4306 desumpserint3
769 4208 832 4279 ctsi
850 4207 1076 4277 recentiorem
1096 4202 1221 4275 Servio

102 4323 163 4394 „et
192 4310 403 4408 l'ulpentio,
445 4335 465 4380 a
496 4336 566 4406 quo
594 4313 668 4407 ipse
696 4310 847 4380 vicissim
876 4334 947 4379 uon
976 4329 1087 4402 pauca
1116 4303 1221 4374 suerit

101 4411 346 4493 „mutuatus”
397 4411 481 4482 dam
500 4413 535 4480 iu
555 4410 622 4483 boc
641 4412 850 4502 testimonio,
878 4435 948 4482 uon
968 4407 1011 4478 de
1030 4406 1222 4502 antiquiore

101 4508 243 4609 ltrqinae
265 4510 387 4584 codice
412 4537 603 4585 serinouem
631 4511 726 4600 beri,
761 4510 822 4583 sed
849 4510 891 4582 de
917 4510 1106 4582 recentiore
1131 4504 1221 4601 ejus·
1259 4550 1268 4563 ·

98 4609 167 4687 dem
186 4616 370 4715 Reginae,
406 4614 534 4714 inquo
556 4616 659 4689 etiam
680 4610 849 4687 Albricus
870 4610 1055 4703 scribitur,
1086 4632 1130 4680 cx
1154 4604 1222 4676 alio
