2640 5130
187 296 274 375 aaa
503 297 688 402 maog..
714 297 788 373 ru.
841 293 907 373 ιο.
958 294 1001 371 a.

184 481 274 572 jerit
326 477 449 554 Quibus
468 480 602 570 repertis
622 478 764 570 Marsyas
784 498 917 559 canens,
945 475 1118 581 Apollinem
1144 474 1187 544 ad
1208 486 1303 545 certa·

191 589 264 634 men
294 564 485 654 pros-oraria
539 565 656 631 Midam
688 564 787 666 igitur
815 584 927 650 regem
953 563 1105 666 judicem
1136 563 1305 651 elegerunt,

190 674 285 741 quom
302 650 429 739 Apoiio,
461 649 548 739 quod
568 649 684 741 injuste
703 649 890 738 pudicasset,
919 648 1043 715 mininis
1063 648 1195 716 auribus
1215 648 1304 715 dede·

191 736 322 805 coravit.
370 736 403 801 is
424 736 560 802 criminis
579 736 628 800 sui
649 748 755 802 notam
785 732 905 801 tonsori
935 744 1057 801 tautum
1083 733 1240 813 ostendit,
1269 733 1305 809 ei,

168 835 229 889 out
248 832 387 888 taceret.
406 834 528 907 partem
549 820 699 909 pollicens
716 819 817 971 rqpni.
858 818 915 885 liis
933 818 1038 885 celare
1058 820 1228 909 nequiens,
1251 838 1305 883 nso

191 907 295 996 paiam
315 904 460 992 proferre
479 928 595 985 ausus,
625 918 743 972 terram
775 902 859 981 odit,
887 904 969 970 etin
989 902 1119 970 defosso
1148 926 1216 971 rem
1236 902 1307 969 (brit

191 1005 224 1058 et
250 992 382 1079 operuit
433 990 470 1055 in
502 990 617 1056 endem
643 990 715 1057 icco
749 989 887 1057 cahmus
916 999 1008 1056 natus
1039 1000 1105 1071 est,
1140 989 1225 1055 unde
1253 986 1307 1055 sibi

191 1073 630 1226 praeminetis.
650 1077 751 1225 iiii}
788 1096 871 1224 qiii
897 1071 1309 1247 ttttfflrtfrtbti

156 1245 296 1332 togonia
322 1244 439 1310 scribit.
491 1249 517 1310 Α
549 1245 675 1311 musicis
700 1245 781 1311 bueo
809 1255 936 1331 roperta
960 1254 1010 1312 ert
1049 1243 1151 1311 abula.
1203 1242 1309 1311 Musici

193 1331 275 1395 euim
294 1327 375 1394 duos
393 1330 470 1395 artis
490 1352 569 1395 suae
589 1342 763 1417 posuerunt
775 1327 922 1410 ordines3
946 1328 1072 1396 tertium
1085 1326 1203 1395 deinde
1216 1329 1315 1411 minc·

192 1416 236 1482 ris
263 1415 417 1482 ualentiae
446 1413 646 1505 adjecerunt:
676 1414 884 1493 canticorum,
916 1413 1165 1480 citharizantium
1192 1424 1225 1481 ct
1244 1412 1310 1481 tibi-

193 1501 344 1568 uantium.
400 1500 507 1566 Prima
533 1520 613 1587 ergo
647 1510 697 1567 est
715 1522 775 1566 vox
795 1499 882 1575 vira,
913 1500 1053 1588 quaein
1081 1501 1226 1566 omnibus
1254 1497 1310 1565 sibi

193 1587 321 1651 musicis
337 1586 576 1652 necessitatibus
591 1584 755 1651 celerrime
767 1582 919 1650 subvenit.
959 1582 1109 1650 Secunda
1122 1596 1173 1651 est
1186 1582 1310 1663 cithara,

153 1693 280 1758 raqnue
315 1692 413 1758 qurum
445 1673 476 1737 iu
514 1669 618 1737 multis
650 1670 749 1736 viram
782 1690 892 1735 vocem
926 1668 1133 1758 aequiparare
1163 1667 1311 1745 rideatur,

196 1757 299 1843 aliqua
323 1771 429 1822 tamen
456 1777 520 1821 non
547 1756 673 1843 impiet,
707 1776 792 1843 quae
820 1753 886 1820 rira
911 1774 972 1819 vox
1001 1764 1115 1841 potest.
1168 1758 1209 1821 st
1240 1774 1312 1819 vero

194 1842 271 1908 tibia
291 1840 340 1906 rir
361 1839 437 1907 artis
470 1841 610 1906 musicae
638 1852 760 1929 partem
787 1851 961 1907 extremam
984 1838 1105 1905 sufficit
1134 1836 1312 1926 adimplere

192 1925 246 1993 De
264 1925 402 2014 quinque
422 1927 504 1994 euim
526 1923 726 2075 ppmpbnniis,
743 1945 824 2013 quas
841 1924 909 1991 riva
927 1945 986 1989 vox
1002 1923 1049 1989 rel
1064 1923 1184 1991 eithara
1202 1922 1313 2001 reddit,

193 2011 271 2078 tibia
291 2012 340 2076 rix
362 2032 455 2076 unam
477 2022 510 2077 et
552 2010 689 2076 imrdiam
710 2009 842 2098 perficit.
894 2006 1035 2075 Minerva
1053 2008 1179 2098 itaque,
1210 2006 1247 2074 id
1266 2018 1313 2075 eu

153 2094 299 2183 auaiiqua
326 2117 461 2183 persona
483 2096 626 2183 sapiens,
652 2095 800 2162 tibiarum
827 2093 966 2159 nondum
987 2105 1117 2181 experta
1146 2090 1313 2173 deiectum,

194 2202 250 2245 eas
271 2179 399 2266 quidem
420 2179 596 2258 adinvenit3
625 2201 705 2268 quas
736 2193 842 2248 tamen
863 2179 1009 2265 cognitas
1031 2180 1131 2245 omnis
1150 2176 1263 2246 domus
1281 2178 1313 2244 io

193 2263 320 2414 tiit?
341 2264 1314 2416 titvit.:2¹¹tt.‘tt?⁹¹¹⁵‘.tt“ttt”¹.‘t·....¹”i.⁰¹⁸.3.tbt

195 2444 303 2508 sonet,
334 2445 369 2500 et
389 2435 579 2503 artificiosae
599 2373 799 2503 flexibiiitatis
830 2456 944 2499 vocum
972 2455 1029 2522 pro
1053 2435 1167 2500 rietatc
1193 2432 1313 2511 amissa,

152 2530 263 2583 turem
284 2520 389 2605 potius
410 2520 512 2588 sibilet
534 2542 627 2609 quam
640 2520 760 2586 musice
778 2518 966 2585 moduletur.
1043 2519 1125 2586 erito
1145 2540 1226 2605 ergo
1247 2540 1313 2585 eam

195 2604 290 2668 nimio
311 2608 388 2672 tiatu
409 2617 674 2694 perstrepentem,
707 2605 807 2671 omnis
834 2604 940 2692 quiin
969 2613 1039 2669 arte
1056 2602 1175 2671 musica
1203 2603 1314 2670 doctus

196 2701 264 2768 est,
284 2688 375 2755 ridct.
421 2689 515 2755 Unde
537 2702 570 2756 et
587 2691 748 2770 Minerua,
773 2688 806 2754 id
827 2701 876 2757 est
896 2688 1064 2776 sapientia,
1095 2687 1312 2777 exprobratum

195 2774 303 2840 tibiam
323 2774 462 2862 projicit,
493 2797 588 2864 quam
616 2788 721 2842 tamen
753 2774 899 2863 Marsyas
919 2774 1022 2839 sumit
1069 2773 1215 2863 Marsyas
1236 2773 1313 2839 enim

196 2858 327 2923 rtrrltus
355 2861 596 2948 interpretatur,
631 2861 684 2947 qui
714 2859 799 2927 solur
820 2860 852 2924 in
873 2870 943 2925 arte
959 2859 1080 2924 musica
1098 2859 1205 2925 tibiam
1226 2880 1315 2947 prae·

154 2951 316 3030 adponere
337 2946 431 3013 voluit
452 2945 607 3026 citharae3
642 2944 728 3015 unde
749 2956 781 3013 et
801 2967 874 3011 cum
893 2943 1025 3033 porcina
1045 2944 1158 3012 metito
1178 2942 1315 3034 pingitm

195 3027 309 3215 eiad&
353 3113 420 3215 Sed
442 3114 634 3215 certantibus
664 3111 769 3180 Midas
788 3114 951 3204 imperitus
981 3109 1099 3181 assidet
1110 3111 1231 3218 judex,
1256 3110 1316 3215 qui

196 3210 291 3263 etrum
327 3200 421 3264 ιιιΙιιΙ
454 3222 564 3263 sciens
595 3210 825 3285 interpretatur.
882 3200 948 3265 Hic
981 3213 1014 3265 et
1043 3200 1168 3265 nsinmis
1203 3198 1316 3267 utatur

197 3283 343 3360 attribue,
377 3283 452 3371 quia
470 3283 571 3349 omnis
592 3282 791 3349 discernendi
811 3307 923 3372 expers
942 3284 1012 3349 nihii
1032 3286 1073 3349 ab
1094 3285 1184 3352 asino
1203 3282 1316 3351 differt.

155 3366 252 3430 tsOb
281 3365 364 3430 banc
391 3389 458 3432 rem
489 3379 522 3433 et
548 3390 658 3433 servus
690 3367 759 3456 ejus
786 3368 995 3436 auricularum
1032 3367 1173 3436 dedecus
1206 3369 1317 3437 dieitur

195 3448 381 3537 prodidisse.
422 3452 590 3540 Ingenium
610 3452 691 3517 enim
717 3464 875 3533 nostrum,
903 3467 939 3520 ut
959 3454 1092 3543 iegitur,
1116 3474 1241 3521 ιιιιιιιιιι
1263 3454 1316 3521 ito·

198 3540 275 3599 bere
308 3534 462 3603 debemus
497 3534 539 3601 ad
575 3537 679 3602 omnia
716 3559 801 3624 quae
828 3538 972 3605 uolumus
1002 3540 1252 3629 obsequentem,
1285 3548 1319 3607 et

197 3631 339 3770 itit.
356 3623 1207 3808 itiitttttnt‘i‚⁰¹33...ittttt'ttmntit
1220 3644 1319 3799 3⁰33

158 3808 293 3878 taquam
322 3788 463 3890 inquens·
487 3812 586 3890 suam·
605 3789 710 3892 prodit
736 3791 954 3876 rgnorantiam.
1009 3795 1125 3861 Pastor
1159 3816 1236 3861 reru
1266 3794 1318 3897 pu'

200 3873 305 3955 audit,
334 3895 464 3959 eosqui
486 3873 635 3941 doctrinis
657 3876 779 3941 animos
807 3891 940 3962 pascunt
963 3877 1126 3965 designat,
1162 3880 1218 3968 qui
1283 3901 1319 3945 us

198 3960 289 4047 primi
319 3957 470 4024 inscitiam
503 3958 788 4047 deprehenderunt
847 3959 938 4026 Idem
965 3962 1084 4037 Midas,
1122 3975 1158 4030 ut
1187 3902 1319 4032 Ovidius

199 4044 312 4122 refert,
347 4066 364 4108 a
387 4041 517 4108 Baccho
540 4044 628 4129 petiit
647 4056 679 4111 et
697 4044 890 4131 impetravit,
925 4057 962 4112 ut
982 4047 1129 4135 quicquid
1153 4048 1318 4137 tetigisset,

199 4150 309 4193 aurum
333 4130 433 4194 tieret.
487 4126 582 4200 Quod
604 4150 717 4195 munus
736 4132 768 4195 in
801 4128 948 4196 ultionem
979 4133 1006 4198 ei
1039 4156 1226 4201 conversum
1256 4145 1305 4201 est

156 4214 345 4299 tuqurirqnid
381 4211 461 4276 enim
497 4214 663 4315 tetigerat,
700 4214 731 4277 in
768 4234 881 4280 aurum
918 4220 1167 4285 convertebatur.
1205 4219 1312 4285 ¹Cibo

197 4318 324 4385 quoque
344 4320 384 4365 ac
402 4306 497 4385 potus
519 4320 551 4367 ιιι
572 4299 639 4368 auri
659 4298 823 4369 materiam
841 4304 1060 4372 murmurabat.
1103 4303 1217 4393 Itaque
1236 4302 1317 4374 idrau
