2640 5130
172 534 257 609 mo
428 534 708 638 mungens.
776 532 818 608 a.
870 532 1022 611 r-s.

591 717 635 794 8.
687 715 870 818 Apollo.

262 854 290 920 l.
323 851 563 921 PrimumJoris
582 853 678 921 lilium
699 852 870 943 ApoDiuem
889 852 1002 920 solunt
1044 852 1144 921 Hunc
1164 852 1292 925 divesis

178 939 350 1006 nominibus
379 950 559 1028 nuncupant
584 950 618 1007 et
647 940 708 1008 sub
728 938 819 1005 van‘is
839 937 1122 1027 significationibus
1148 939 1292 1031 frequen-

178 1025 295 1122 tissime
315 1037 443 1113 ponunt.
498 1025 624 1091 Dicitur
643 1023 769 1113 Apollo,
802 1020 907 1090 idest
922 1023 1070 1110 perdens
1097 1025 1163 1091 sire
1181 1038 1292 1093 exter-

155 1126 335 1260 lille
353 1107 470 1281 „titi
498 1107 697 1261 :ilntlffl
710 1129 842 1260 otti?
861 1108 1120 1294 liuilni
1144 1110 1291 1299 iiiiii

178 1290 341 1426 sergeme,
362 1301 455 1429 quenl?
476 1279 649 1432 miffm
665 1277 809 1430 gabalam
827 1300 903 1344 mox
922 1291 1015 1381 natus
1036 1279 1210 1432 mmm:
1229 1282 1312 1347 sire.

179 1385 198 1427 a
255 1384 537 1435 raecoveromv
569 1387 664 1444 mu
729 1384 962 1429 rnerroom
1034 1385 1070 1428 re
1139 1385 1203 1432 rr

178 1446 260 1513 enim
292 1447 532 1536 interrogabant
562 1460 595 1515 ct
622 1385 886 1531 domuiebant),g
908 1366 1194 1533 siveterporfflmi
1243 1462 1289 1519 est

139 1527 281 1616 lofidem
302 1529 459 1621 uffirrens.
491 1532 586 1600 Unde
605 1546 639 1604 st
650 1534 828 1625 Pythonem
843 1531 968 1618 sagitis
984 1531 1115 1618 fingitur
1128 1534 1288 1615 occidue,

179 1615 265 1701 quod
296 1617 396 1685 omnis
434 1617 511 1685 salsa
541 1618 725 1696 credulitas,
764 1639 823 1706 per
848 1619 996 1685 tenebras
1013 1630 1106 1699 torta,
1134 1621 1287 1687 radiorum

179 1700 247 1789 ejus
271 1699 397 1789 fulgore
417 1701 615 1787 destructum
648 1697 757 1773 πειθοὶ
776 1722 912 1789 namque
930 1700 1123 1768 credulitas
1141 1705 1288 1794 interpre-

179 1797 273 1852 tatur.
327 1787 384 1853 sot
405 1789 578 1857 secundum
609 1788 745 1856 'l'ullium
765 1785 895 1866 dicitur,
935 1786 982 1853 vel
1015 1785 1090 1873 quia
1128 1789 1220 1855 aolus
1250 1812 1287 1856 ex

179 1872 323 1937 omnibus
345 1872 498 1942 sideribus
520 1887 626 1944 tantos
653 1886 719 1955 est,
756 1871 804 1938 vel
823 1872 912 1960 (111111,
945 1893 1044 1962 (11111111
1077 1884 1127 1940 011
1155 1887 1286 1953 1111111111,

140 1956 274 2024 rostellis
295 1959 439 2026 omnibus
459 1960 652 2040 obscuratis,
689 1957 780 2024 solus
802 1968 942 2045 apparet.
990 1953 1115 2025 Dicitur
1134 1957 1288 2050 Lycinna

179 2041 281 2132 Lycio
318 2044 391 2111 sano
428 2043 514 2134 apud
541 2044 644 2112 Deion
670 2042 821 2122 marimo;
860 2038 944 2107 unde
966 2040 1136 2128 Virgilius:
1187 2044 1288 2112 Nunc

180 2164 221 2176 -·-
242 2128 372 2216 lyciae
391 2166 433 2178 —
453 2142 585 2209 uertere
600 2129 665 2197 sivo
685 2151 705 2194 a
725 2121 818 2215 λύκῳ,
842 2125 876 2192 id
896 2136 947 2193 est
965 2125 1056 2212 lupo.
1098 2128 1191 2196 Sicut
1210 2128 1288 2195 enim

180 2211 269 2301 lupus
290 2235 406 2302 pecora
424 2212 590 2294 dilacerat,
625 2214 672 2281 sic
699 2213 822 2278 fervore
840 2234 901 2277 suo
928 2232 1052 2276 omnem
1082 2211 1129 2279 sol
1155 2214 1289 2280 exsiccat

179 2297 352 2364 humorem.
394 2299 480 2366 Hinc
503 2310 536 2367 et
555 2299 636 2377 Pan,
657 2297 711 2385 qui
732 2297 834 2362 ovium
851 2295 967 2362 dicitur
986 2292 1075 2373 deus,
1095 2296 1181 2385 quod
1201 2298 1288 2388 lopus

138 2383 222 2449 abab
244 2381 312 2448 ovili
333 2396 457 2457 arceat,
488 2385 636 2474 Lycaeus
657 2381 836 2471 appellatur.
888 2380 989 2471 Cujus
1015 2380 1090 2469 quia
1117 2405 1195 2449 casn
1216 2383 1289 2449 feci·

81 2514 85 2521 -
179 2489 248 2532 mus
280 2467 486 2549 mentionem,
530 2470 655 2536 brevem
689 2489 751 2534 nec
778 2465 915 2534 inutilem
947 2464 990 2533 de
1024 2488 1064 2531 eo
1091 2468 1288 2556 subjiciamus

180 2549 418 2638 digressionem.

141 2668 150 2684 ··
260 2653 290 2717 2.
334 2654 403 2719 Pan
436 2650 549 2738 igitir,
589 2664 626 2721 ut
658 2652 735 2724 dicit
767 2652 890 2727 Varro,
930 2652 985 2740 qui
1014 2649 1147 2719 deorum
1179 2664 1290 2722 tractat

179 2748 350 2825 potestates
376 2749 409 2806 at
437 2748 580 2817 naturas,
612 2737 693 2807 deus
733 2749 783 2806 est
818 2749 966 2817 naturae,
1007 2749 1040 2804 et
1069 2738 1290 2826 interpretator

137 2836 284 2887 suumne.
323 2823 437 2891 Habet
456 2824 537 2889 euim
560 2845 679 2892 cornua
698 2822 740 2892 ad
770 2822 928 2890 radiorum
950 2819 1023 2889 solis
1044 2835 1077 2890 et
1096 2822 1190 2890 lunae
1208 2823 1291 2891 simi·

177 2904 346 2974 iitudinem.
401 2908 511 2975 [lubet
542 2907 609 2997 ejus
639 2910 734 2977 lanies
764 2907 806 2975 ad
826 2905 962 2975 aetheris
991 2907 1206 2977 imitationem.
1253 2908 1291 2974 Ia

200 3005 308 3059 colore
341 2993 502 3061 nebridem
538 2992 636 3062 babet
663 2994 814 3063 stellatam
843 2991 886 3060 ad
919 2991 1077 3060 stellarum
1114 2993 1291 3083 imaginem.

176 3012 259 3144 i’ars
280 3077 347 3167 ejus
368 3080 496 3147 interior
516 3077 638 3166 hispida
660 3092 709 3148 est
729 3088 858 3168 propter
872 3079 1013 3158 arborea,
1035 3078 1179 3164 virgulta.
1201 3079 1293 3147 ieras.

179 3163 335 3249 (laurinus
356 3164 453 3234 habet
486 3165 584 3253 pedes
606 3178 735 3254 propter
763 3177 869 3233 terrae
891 3162 1088 3229 soliditatem.
1139 3163 1292 3231 Fistulam

136 3250 262 3333 sugerit
283 3250 344 3317 Vll
365 3251 554 3317 calamorum
587 3264 716 3339 propter
742 3248 935 3317 harmoniam
955 3248 1051 3327 caeli;
1084 3244 1293 3334 καλαύροπα,

177 3334 442 3423 ruotpertum,
476 3346 608 3424 propter
629 3359 761 3416 annum,
796 3334 900 3423 quiin
921 3334 1120 3401 sorecurrit
1161 3334 1210 3400 Ab
1232 3334 1294 3399 boc

178 3432 301 3487 constat
321 3420 478 3488 diversum
500 3444 570 3489 esse
592 3423 766 3498 Silvanum,
797 3442 891 3508 quern
921 3432 1026 3486 tamen
1047 3419 1172 3505 publica
1193 3419 1293 3485 caeri-

177 3507 350 3571 moniarum
385 3507 492 3594 opinio
526 3529 676 3596 pecorum
711 3507 807 3574 babet
840 3516 872 3571 et
898 3527 1048 3591 agrorum
1087 3528 1161 3571 esse
1190 3501 1294 3570 deum.

178 3590 404 3658 Prudenticres
427 3593 509 3659 enim
530 3615 601 3659 eum
619 3592 727 3660 dicunt
742 3612 812 3656 esse
832 3586 928 3672 ὕλην,
953 3612 1046 3692 quam
1059 3590 1186 3654 silvam
1198 3589 1294 3656 inter·

135 3688 336 3761 autumatur,
357 3675 389 3741 id
412 3689 461 3744 est
482 3677 722 3753 elementorum,
746 3690 781 3743 ut
800 3673 863 3739 vult
883 3676 1032 3750 Seruus,
1055 3675 1188 3751 faecem,
1209 3673 1295 3740 unda

175 3774 289 3827 rrtncta
333 3773 533 3843 recreantur,
566 3787 659 3852 quam
686 3761 771 3849 ὕλην
787 3759 893 3826 Latini
927 3759 1088 3827 materiam
1121 3758 1294 3848 appellans·

174 3856 255 3913 runt
299 3784 350 3913 Du
372 3845 419 3912 bis
439 3848 601 3917 hacteuus.

255 3956 285 4023 3.
330 3957 454 4024 Dicitur
476 3959 585 4050 Apollo
607 3960 733 4038 Delius,
769 3954 802 4021 id
824 3967 873 4022 est
893 3951 1102 4028 declaratio.
1139 3952 1226 4042 quud
1247 3952 1295 4021 sol

175 4042 278 4108 omnin
311 4042 477 4121 illuminat,
516 4048 581 4113 sive
601 4070 620 4112 a
642 4044 722 4112 Delo
743 4037 860 4118 insula,
895 4037 925 4101 in
948 4061 1009 4123 qua
1031 4041 1161 4125 fingitur
1194 4049 1295 4106 notus.

133 4127 226 4193 litDe
248 4127 336 4218 cujus
367 4128 527 4198 nativitate
555 4129 711 4205 tabulam,
744 4126 818 4214 quia
847 4121 932 4210 apud
960 4121 1037 4187 alios
1065 4136 1114 4190 est
1145 4126 1294 4201 obscure,

172 4213 279 4364 tcernui
295 4212 560 4367 dippondndamii
579 4229 612 4284 et
634 4228 669 4320 ut
689 4223 755 4282 tota
782 4232 833 4360 gs
863 4207 1041 4357 minimi
1066 4212 1140 4283 liat·
1165 4211 1220 4360 ,δὲ’
1250 4210 1294 4312 ⁸!-

171 4317 242 4449 ..¹5:2¹
264 4319 405 4463 'llll
420 4320 618 4454 ''intuli'’
632 4314 688 4455 im
713 4315 885 4449 ‘'iuniii'
918 4316 1000 4442 pli
1041 4316 1194 4445 ltili
1216 4316 1295 4445 iiii

173 4466 328 4536 Latonam
359 4491 455 4626 Taum
489 4467 556 4559 ejus
590 4471 684 4539 etiam
716 4487 857 4538 sororem
891 4463 1032 4528 Asterien
1062 4464 1169 4530 vitiare
1203 4464 1295 4533 vellet

129 4552 335 4646 tuluppitsr.
357 4557 406 4629 ila
425 4556 543 4646 optavit
563 4581 583 4629 a
600 4555 679 4640 diis.
702 4567 736 4626 ut
756 4557 787 4624 in
810 4570 899 4621 avem
921 4561 1166 4630 converteretur,
1188 4572 1295 4618 verse-
