<?xml version="1.0" encoding="UTF-8"?>
<!DOCTYPE html PUBLIC "-//W3C//DTD XHTML 1.0 Transitional//EN"
    "http://www.w3.org/TR/xhtml1/DTD/xhtml1-transitional.dtd">
<html xmlns="http://www.w3.org/1999/xhtml" xml:lang="en" lang="en">
 <head>
  <title>
</title>
<meta http-equiv="Content-Type" content="text/html;charset=utf-8" />
  <meta name='ocr-system' content='tesseract 3.04.00' />
  <meta name='ocr-capabilities' content='ocr_page ocr_carea ocr_par ocr_line ocrx_word'/>
</head>
<body>
  <div class='ocr_page' id='page_1' title='image "./scriptoresrerum00bodegoog_0089.png"; bbox 0 0 2640 5130; ppageno 0'>
   <div class='ocr_carea' id='block_1_1' title="bbox 34 264 984 399">
    <p class='ocr_par' dir='ltr' id='par_1_1' title="bbox 34 264 984 399">
     <span class='ocr_line' id='line_1_1' title="bbox 34 264 984 399; baseline -0.014 -34"><span class='ocrx_word' id='word_1_1' title='bbox 34 360 39 367; x_wconf 85' lang='grc'><strong>,</strong></span> <span class='ocrx_word' id='word_1_2' title='bbox 143 281 199 360; x_wconf 81' lang='lat' dir='ltr'><strong>ee</strong></span> <span class='ocrx_word' id='word_1_3' title='bbox 362 389 366 399; x_wconf 23' lang='grc' dir='ltr'>Ι</span> <span class='ocrx_word' id='word_1_4' title='bbox 432 277 616 384; x_wconf 59' lang='lat' dir='ltr'><strong>nyuop.</strong></span> <span class='ocrx_word' id='word_1_5' title='bbox 641 279 674 355; x_wconf 86' lang='lat'><strong>1.</strong></span> <span class='ocrx_word' id='word_1_6' title='bbox 729 274 810 355; x_wconf 80' lang='lat' dir='ltr'><strong>rea</strong></span> <span class='ocrx_word' id='word_1_7' title='bbox 828 319 874 335; x_wconf 96' lang='lat'><em>-</em></span> <span class='ocrx_word' id='word_1_8' title='bbox 891 264 984 353; x_wconf 65' lang='lat' dir='ltr'><strong>reass</strong></span> 
     </span>
    </p>
   </div>
   <div class='ocr_carea' id='block_1_2' title="bbox 121 454 1277 983">
    <p class='ocr_par' dir='ltr' id='par_1_2' title="bbox 121 454 1277 983">
     <span class='ocr_line' id='line_1_2' title="bbox 145 454 1275 553; baseline -0.012 -15"><span class='ocrx_word' id='word_1_9' title='bbox 145 466 320 538; x_wconf 75' lang='lat' dir='ltr'><strong>&#39;l&#39;hessalus</strong></span> <span class='ocrx_word' id='word_1_10' title='bbox 349 485 424 547; x_wconf 83' lang='lat' dir='ltr'><strong>rer,</strong></span> <span class='ocrx_word' id='word_1_11' title='bbox 462 466 567 534; x_wconf 91' lang='lat' dir='ltr'><strong>bubus</strong></span> <span class='ocrx_word' id='word_1_12' title='bbox 596 473 704 534; x_wconf 88' lang='lat' dir='ltr'><strong>oestro</strong></span> <span class='ocrx_word' id='word_1_13' title='bbox 731 463 917 553; x_wconf 79' lang='lat' dir='ltr'><strong>exagitatis,</strong></span> <span class='ocrx_word' id='word_1_14' title='bbox 950 460 1098 532; x_wconf 77' lang='lat' dir='ltr'><strong>satellites</strong></span> <span class='ocrx_word' id='word_1_15' title='bbox 1125 480 1202 527; x_wconf 89' lang='lat' dir='ltr'><strong>suos</strong></span> <span class='ocrx_word' id='word_1_16' title='bbox 1231 454 1275 525; x_wconf 92' lang='lat' dir='ltr'><strong>ad</strong></span> 
     </span>
     <span class='ocr_line' id='line_1_3' title="bbox 145 544 1274 702; baseline -0.012 -79"><span class='ocrx_word' id='word_1_17' title='bbox 145 577 203 623; x_wconf 86' lang='lat' dir='ltr'><strong>eos</strong></span> <span class='ocrx_word' id='word_1_18' title='bbox 229 550 426 622; x_wconf 78' lang='lat' dir='ltr'><strong>revocandos</strong></span> <span class='ocrx_word' id='word_1_19' title='bbox 453 551 503 619; x_wconf 91' lang='lat' dir='ltr'><strong>ire</strong></span> <span class='ocrx_word' id='word_1_20' title='bbox 522 550 688 643; x_wconf 84' lang='lat' dir='ltr'><strong>jussisset,</strong></span> <span class='ocrx_word' id='word_1_21' title='bbox 722 549 827 702; x_wconf 56' lang='lat' dir='ltr'><strong>illipoe</strong></span> <span class='ocrx_word' id='word_1_22' title='bbox 856 571 952 618; x_wconf 89' lang='lat' dir='ltr'><strong>eursu</strong></span> <span class='ocrx_word' id='word_1_23' title='bbox 983 569 1046 616; x_wconf 93' lang='lat' dir='ltr'><strong>non</strong></span> <span class='ocrx_word' id='word_1_24' title='bbox 1077 544 1274 622; x_wconf 84' lang='lat' dir='ltr'><strong>sufficereut,</strong></span> 
     </span>
     <span class='ocr_line' id='line_1_4' title="bbox 145 631 1274 725; baseline -0.015 -13"><span class='ocrx_word' id='word_1_25' title='bbox 145 637 359 712; x_wconf 83' lang='lat' dir='ltr'><strong>ascenderunt</strong></span> <span class='ocrx_word' id='word_1_26' title='bbox 385 655 504 725; x_wconf 85' lang='lat' dir='ltr'><strong>equos,</strong></span> <span class='ocrx_word' id='word_1_27' title='bbox 533 649 567 703; x_wconf 91' lang='lat' dir='ltr'><strong>et</strong></span> <span class='ocrx_word' id='word_1_28' title='bbox 596 658 708 704; x_wconf 88' lang='lat' dir='ltr'><strong>eorum</strong></span> <span class='ocrx_word' id='word_1_29' title='bbox 734 660 753 703; x_wconf 82' lang='lat' dir='ltr'>v</span> <span class='ocrx_word' id='word_1_30' title='bbox 784 635 902 723; x_wconf 85' lang='lat' dir='ltr'><strong>onitate</strong></span> <span class='ocrx_word' id='word_1_31' title='bbox 935 636 1032 703; x_wconf 81' lang='lat' dir='ltr'><strong>boves</strong></span> <span class='ocrx_word' id='word_1_32' title='bbox 1063 631 1182 715; x_wconf 90' lang='lat' dir='ltr'><strong>secuti,</strong></span> <span class='ocrx_word' id='word_1_33' title='bbox 1217 652 1274 696; x_wconf 87' lang='lat' dir='ltr'><strong>eos</strong></span> 
     </span>
     <span class='ocr_line' id='line_1_5' title="bbox 146 714 1277 807; baseline -0.01 -15"><span class='ocrx_word' id='word_1_34' title='bbox 146 723 277 795; x_wconf 76' lang='lat' dir='ltr'><strong>admulis</strong></span> <span class='ocrx_word' id='word_1_35' title='bbox 303 722 346 792; x_wconf 94' lang='lat' dir='ltr'><strong>ad</strong></span> <span class='ocrx_word' id='word_1_36' title='bbox 375 731 462 791; x_wconf 87' lang='lat' dir='ltr'><strong>tecta</strong></span> <span class='ocrx_word' id='word_1_37' title='bbox 491 735 688 791; x_wconf 82' lang='lat' dir='ltr'><strong>revocarunt</strong></span> <span class='ocrx_word' id='word_1_38' title='bbox 741 718 809 789; x_wconf 86' lang='lat' dir='ltr'><strong>Sed</strong></span> <span class='ocrx_word' id='word_1_39' title='bbox 838 721 871 789; x_wconf 90' lang='lat' dir='ltr'><strong>bi</strong></span> <span class='ocrx_word' id='word_1_40' title='bbox 892 720 964 800; x_wconf 84' lang='lat' dir='ltr'><strong>visi,</strong></span> <span class='ocrx_word' id='word_1_41' title='bbox 1000 730 1055 786; x_wconf 92' lang='lat' dir='ltr'><strong>aut</strong></span> <span class='ocrx_word' id='word_1_42' title='bbox 1075 740 1172 807; x_wconf 89' lang='lat' dir='ltr'><strong>quum</strong></span> <span class='ocrx_word' id='word_1_43' title='bbox 1193 714 1277 782; x_wconf 90' lang='lat' dir='ltr'><strong>irent</strong></span> 
     </span>
     <span class='ocr_line' id='line_1_6' title="bbox 121 806 1277 896; baseline -0.003 -26"><span class='ocrx_word' id='word_1_44' title='bbox 121 808 313 884; x_wconf 74' lang='lat' dir='ltr'><strong>ovelociter,</strong></span> <span class='ocrx_word' id='word_1_45' title='bbox 345 816 402 875; x_wconf 93' lang='lat' dir='ltr'><strong>aut</strong></span> <span class='ocrx_word' id='word_1_46' title='bbox 427 829 524 896; x_wconf 86' lang='lat' dir='ltr'><strong>quum</strong></span> <span class='ocrx_word' id='word_1_47' title='bbox 547 828 659 874; x_wconf 90' lang='lat' dir='ltr'><strong>eorum</strong></span> <span class='ocrx_word' id='word_1_48' title='bbox 681 807 755 895; x_wconf 84' lang='lat' dir='ltr'><strong>equi</strong></span> <span class='ocrx_word' id='word_1_49' title='bbox 772 807 858 873; x_wconf 85' lang='lat' dir='ltr'><strong>circa</strong></span> <span class='ocrx_word' id='word_1_50' title='bbox 880 808 998 874; x_wconf 89' lang='lat' dir='ltr'><strong>flumen</strong></span> <span class='ocrx_word' id='word_1_51' title='bbox 1017 806 1162 871; x_wconf 80' lang='lat' dir='ltr'><strong>Peneum</strong></span> <span class='ocrx_word' id='word_1_52' title='bbox 1184 812 1277 890; x_wconf 89' lang='lat' dir='ltr'><strong>pota-</strong></span> 
     </span>
     <span class='ocr_line' id='line_1_7' title="bbox 143 888 1275 983; baseline -0.011 -21"><span class='ocrx_word' id='word_1_53' title='bbox 143 907 217 962; x_wconf 85' lang='lat' dir='ltr'>rent</span> <span class='ocrx_word' id='word_1_54' title='bbox 243 893 398 983; x_wconf 73' lang='lat' dir='ltr'><strong>capitibus</strong></span> <span class='ocrx_word' id='word_1_55' title='bbox 425 891 598 975; x_wconf 85' lang='lat' dir='ltr'><strong>inclinatis,</strong></span> <span class='ocrx_word' id='word_1_56' title='bbox 629 891 735 959; x_wconf 88' lang='lat' dir='ltr'><strong>locum</strong></span> <span class='ocrx_word' id='word_1_57' title='bbox 766 891 894 959; x_wconf 79' lang='lat' dir='ltr'><strong>fabulae</strong></span> <span class='ocrx_word' id='word_1_58' title='bbox 923 890 1098 972; x_wconf 87' lang='lat' dir='ltr'><strong>dederunt,</strong></span> <span class='ocrx_word' id='word_1_59' title='bbox 1126 902 1162 956; x_wconf 88' lang='lat' dir='ltr'><strong>ut</strong></span> <span class='ocrx_word' id='word_1_60' title='bbox 1189 888 1275 953; x_wconf 82' lang='lat' dir='ltr'><strong>Cen·</strong></span> 
     </span>
    </p>
   </div>
   <div class='ocr_carea' id='block_1_3' title="bbox 144 975 639 1117">
    <p class='ocr_par' dir='ltr' id='par_1_3' title="bbox 144 975 639 1117">
     <span class='ocr_line' id='line_1_8' title="bbox 144 975 639 1117; baseline -0.012 -68"><span class='ocrx_word' id='word_1_61' title='bbox 144 979 229 1049; x_wconf 86' lang='lat' dir='ltr'><strong>tauri</strong></span> <span class='ocrx_word' id='word_1_62' title='bbox 250 1002 322 1047; x_wconf 86' lang='lat' dir='ltr'><strong>esse</strong></span> <span class='ocrx_word' id='word_1_63' title='bbox 341 975 557 1046; x_wconf 77' lang='lat' dir='ltr'><strong>crederentur.</strong></span> <span class='ocrx_word' id='word_1_64' title='bbox 631 1075 639 1117; x_wconf 47' lang='grc' dir='ltr'>ι</span> 
     </span>
    </p>
   </div>
   <div class='ocr_carea' id='block_1_4' title="bbox 371 1130 1047 1236">
    <p class='ocr_par' dir='ltr' id='par_1_4' title="bbox 371 1130 1047 1236">
     <span class='ocr_line' id='line_1_9' title="bbox 371 1130 1047 1236; baseline -0.003 -27"><span class='ocrx_word' id='word_1_65' title='bbox 371 1130 467 1209; x_wconf 75' lang='grc'><strong>161.</strong></span> <span class='ocrx_word' id='word_1_66' title='bbox 520 1131 776 1236; x_wconf 85' lang='lat' dir='ltr'><strong>Phoenissa</strong></span> <span class='ocrx_word' id='word_1_67' title='bbox 808 1131 1047 1209; x_wconf 84' lang='lat' dir='ltr'><strong>sacerdos.</strong></span> 
     </span>
    </p>
   </div>
   <div class='ocr_carea' id='block_1_5' title="bbox 105 1256 1277 1597">
    <p class='ocr_par' dir='ltr' id='par_1_5' title="bbox 230 1256 1277 1351">
     <span class='ocr_line' id='line_1_10' title="bbox 230 1256 1277 1351; baseline -0.008 -25"><span class='ocrx_word' id='word_1_68' title='bbox 230 1258 411 1327; x_wconf 76' lang='lat' dir='ltr'><strong>Phoenissa</strong></span> <span class='ocrx_word' id='word_1_69' title='bbox 442 1261 577 1351; x_wconf 82' lang='lat' dir='ltr'><strong>Dryope</strong></span> <span class='ocrx_word' id='word_1_70' title='bbox 610 1256 764 1328; x_wconf 90' lang='lat' dir='ltr'><strong>sacerdos</strong></span> <span class='ocrx_word' id='word_1_71' title='bbox 796 1268 867 1325; x_wconf 90' lang='lat' dir='ltr'><strong>erat</strong></span> <span class='ocrx_word' id='word_1_72' title='bbox 899 1257 1008 1325; x_wconf 82' lang='lat' dir='ltr'><strong>Liberi</strong></span> <span class='ocrx_word' id='word_1_73' title='bbox 1042 1257 1159 1347; x_wconf 87' lang='lat' dir='ltr'><strong>patris,</strong></span> <span class='ocrx_word' id='word_1_74' title='bbox 1192 1272 1277 1340; x_wconf 83' lang='lat' dir='ltr'><strong>quae</strong></span> 
     </span>
    </p>

    <p class='ocr_par' dir='ltr' id='par_1_6' title="bbox 105 1342 1277 1434">
     <span class='ocr_line' id='line_1_11' title="bbox 105 1342 1277 1434; baseline -0.009 -23"><span class='ocrx_word' id='word_1_75' title='bbox 105 1344 255 1413; x_wconf 78' lang='lat' dir='ltr'><strong>lclurtim</strong></span> <span class='ocrx_word' id='word_1_76' title='bbox 283 1344 419 1434; x_wconf 74' lang='lat' dir='ltr'><strong>gravida</strong></span> <span class='ocrx_word' id='word_1_77' title='bbox 446 1345 549 1428; x_wconf 82' lang='lat' dir='ltr'><strong>sacta,</strong></span> <span class='ocrx_word' id='word_1_78' title='bbox 588 1344 664 1412; x_wconf 89' lang='lat' dir='ltr'><strong>dum</strong></span> <span class='ocrx_word' id='word_1_79' title='bbox 696 1356 825 1412; x_wconf 91' lang='lat' dir='ltr'><strong>taurum</strong></span> <span class='ocrx_word' id='word_1_80' title='bbox 858 1342 1081 1412; x_wconf 87' lang='lat' dir='ltr'><strong>immolandum</strong></span> <span class='ocrx_word' id='word_1_81' title='bbox 1117 1342 1158 1409; x_wconf 93' lang='lat' dir='ltr'><strong>ad</strong></span> <span class='ocrx_word' id='word_1_82' title='bbox 1187 1359 1277 1404; x_wconf 91' lang='lat' dir='ltr'><strong>aram</strong></span> 
     </span>
    </p>

    <p class='ocr_par' dir='ltr' id='par_1_7' title="bbox 145 1422 1275 1597">
     <span class='ocr_line' id='line_1_12' title="bbox 147 1422 1275 1522; baseline -0.001 -23"><span class='ocrx_word' id='word_1_83' title='bbox 147 1431 297 1499; x_wconf 89' lang='lat' dir='ltr'><strong>coraibus</strong></span> <span class='ocrx_word' id='word_1_84' title='bbox 325 1430 498 1520; x_wconf 79' lang='lat' dir='ltr'><strong>protrahit,</strong></span> <span class='ocrx_word' id='word_1_85' title='bbox 525 1433 629 1500; x_wconf 88' lang='lat' dir='ltr'><strong>oneris</strong></span> <span class='ocrx_word' id='word_1_86' title='bbox 654 1429 768 1509; x_wconf 89' lang='lat' dir='ltr'><strong>oblita,</strong></span> <span class='ocrx_word' id='word_1_87' title='bbox 796 1440 928 1518; x_wconf 86' lang='lat' dir='ltr'><strong>propter</strong></span> <span class='ocrx_word' id='word_1_88' title='bbox 947 1431 1075 1499; x_wconf 89' lang='lat' dir='ltr'><strong>nimiam</strong></span> <span class='ocrx_word' id='word_1_89' title='bbox 1093 1429 1161 1522; x_wconf 80' lang='lat' dir='ltr'><strong>ejus</strong></span> <span class='ocrx_word' id='word_1_90' title='bbox 1185 1422 1275 1490; x_wconf 73' lang='lat' dir='ltr'><strong>lmi-</strong></span> 
     </span>
     <span class='ocr_line' id='line_1_13' title="bbox 145 1514 1005 1597; baseline -0.005 -12"><span class='ocrx_word' id='word_1_91' title='bbox 145 1514 289 1585; x_wconf 88' lang='lat' dir='ltr'><strong>tudinem</strong></span> <span class='ocrx_word' id='word_1_92' title='bbox 307 1516 412 1585; x_wconf 81' lang='lat' dir='ltr'><strong>inians</strong></span> <span class='ocrx_word' id='word_1_93' title='bbox 432 1528 566 1586; x_wconf 88' lang='lat' dir='ltr'><strong>coactos</strong></span> <span class='ocrx_word' id='word_1_94' title='bbox 588 1517 706 1588; x_wconf 80' lang='lat' dir='ltr'><strong>excidit</strong></span> <span class='ocrx_word' id='word_1_95' title='bbox 725 1514 769 1582; x_wconf 90' lang='lat' dir='ltr'><strong>de</strong></span> <span class='ocrx_word' id='word_1_96' title='bbox 790 1514 890 1584; x_wconf 79' lang='lat' dir='ltr'><strong>vulva</strong></span> <span class='ocrx_word' id='word_1_97' title='bbox 1002 1587 1005 1597; x_wconf 53' lang='grc'><strong>,</strong></span> 
     </span>
    </p>
   </div>
   <div class='ocr_carea' id='block_1_6' title="bbox 232 1680 1275 1903">
    <p class='ocr_par' dir='ltr' id='par_1_8' title="bbox 232 1680 1275 1903">
     <span class='ocr_line' id='line_1_14' title="bbox 518 1680 998 1789; baseline 0.008 -30"><span class='ocrx_word' id='word_1_98' title='bbox 518 1680 613 1760; x_wconf 72' lang='grc'><strong>166.</strong></span> <span class='ocrx_word' id='word_1_99' title='bbox 664 1684 904 1789; x_wconf 70' lang='lat' dir='ltr'><strong>Sisyphus.</strong></span> <span class='ocrx_word' id='word_1_100' title='bbox 995 1778 998 1783; x_wconf 20' lang='lat'><em>4</em></span> 
     </span>
     <span class='ocr_line' id='line_1_15' title="bbox 232 1808 1275 1903; baseline -0.007 -20"><span class='ocrx_word' id='word_1_101' title='bbox 232 1812 285 1883; x_wconf 85' lang='lat' dir='ltr'><strong>Sis</strong></span> <span class='ocrx_word' id='word_1_102' title='bbox 327 1809 388 1881; x_wconf 85' lang='lat' dir='ltr'><strong>hns</strong></span> <span class='ocrx_word' id='word_1_103' title='bbox 422 1813 466 1881; x_wconf 92' lang='lat' dir='ltr'><strong>ob</strong></span> <span class='ocrx_word' id='word_1_104' title='bbox 494 1812 559 1880; x_wconf 91' lang='lat' dir='ltr'><strong>hoc</strong></span> <span class='ocrx_word' id='word_1_105' title='bbox 586 1810 641 1882; x_wconf 85' lang='lat' dir='ltr'><strong>tali</strong></span> <span class='ocrx_word' id='word_1_106' title='bbox 668 1835 773 1902; x_wconf 88' lang='lat' dir='ltr'><strong>poena</strong></span> <span class='ocrx_word' id='word_1_107' title='bbox 800 1816 967 1896; x_wconf 79' lang='lat' dir='ltr'><strong>muhatos,</strong></span> <span class='ocrx_word' id='word_1_108' title='bbox 984 1835 987 1839; x_wconf 87' lang='lat'>·</span> <span class='ocrx_word' id='word_1_109' title='bbox 1003 1813 1078 1903; x_wconf 83' lang='lat' dir='ltr'><strong>quia</strong></span> <span class='ocrx_word' id='word_1_110' title='bbox 1109 1808 1275 1899; x_wconf 77' lang='lat' dir='ltr'><strong>Aeginam,</strong></span> 
     </span>
    </p>
   </div>
   <div class='ocr_carea' id='block_1_7' title="bbox 106 1897 1277 2311">
    <p class='ocr_par' dir='ltr' id='par_1_9' title="bbox 106 1897 1277 2311">
     <span class='ocr_line' id='line_1_16' title="bbox 106 1897 1275 2050; baseline -0.001 -87"><span class='ocrx_word' id='word_1_111' title='bbox 106 1912 142 1966; x_wconf 75' lang='lat'><strong>1⁵</strong></span> <span class='ocrx_word' id='word_1_112' title='bbox 150 1899 281 2003; x_wconf 45' lang='lat' dir='ltr'><strong>Aesopi·</strong></span> <span class='ocrx_word' id='word_1_113' title='bbox 324 1897 404 1979; x_wconf 82' lang='lat' dir='ltr'><strong>‘am,</strong></span> <span class='ocrx_word' id='word_1_114' title='bbox 432 1899 579 2002; x_wconf 73' lang='lat' dir='ltr'><strong>Iuppiter</strong></span> <span class='ocrx_word' id='word_1_115' title='bbox 607 1901 739 1984; x_wconf 79' lang='lat' dir='ltr'><strong>amavit,</strong></span> <span class='ocrx_word' id='word_1_116' title='bbox 754 1924 904 1991; x_wconf 70' lang='lat' dir='ltr'><strong>,eamque</strong></span> <span class='ocrx_word' id='word_1_117' title='bbox 933 1898 1056 1968; x_wconf 90' lang='lat' dir='ltr'><strong>custodi</strong></span> <span class='ocrx_word' id='word_1_118' title='bbox 1074 1898 1173 2050; x_wconf 82' lang='lat' dir='ltr'><strong>patris</strong></span> <span class='ocrx_word' id='word_1_119' title='bbox 1194 1897 1275 1964; x_wconf 87' lang='lat' dir='ltr'><strong>elam</strong></span> 
     </span>
     <span class='ocr_line' id='line_1_17' title="bbox 147 1983 1277 2088; baseline -0.004 -35"><span class='ocrx_word' id='word_1_120' title='bbox 147 1998 314 2086; x_wconf 72' lang='lat' dir='ltr'><strong>aurnpurt3</strong></span> <span class='ocrx_word' id='word_1_121' title='bbox 335 1995 369 2087; x_wconf 79' lang='lat' dir='ltr'><strong>et</strong></span> <span class='ocrx_word' id='word_1_122' title='bbox 389 1984 508 2052; x_wconf 82' lang='lat' dir='ltr'><strong>iactam</strong></span> <span class='ocrx_word' id='word_1_123' title='bbox 527 1984 863 2088; x_wconf 59' lang='lat' dir='ltr'><strong>§nyphuscousessus</strong></span> <span class='ocrx_word' id='word_1_124' title='bbox 879 1996 937 2066; x_wconf 83' lang='lat' dir='ltr'><strong>est,</strong></span> <span class='ocrx_word' id='word_1_125' title='bbox 959 1983 1047 2088; x_wconf 78' lang='lat' dir='ltr'><strong>qupd</strong></span> <span class='ocrx_word' id='word_1_126' title='bbox 1065 1983 1116 2050; x_wconf 88' lang='lat' dir='ltr'><strong>ile</strong></span> <span class='ocrx_word' id='word_1_127' title='bbox 1138 1983 1277 2049; x_wconf 89' lang='lat' dir='ltr'><strong>humana</strong></span> 
     </span>
     <span class='ocr_line' id='line_1_18' title="bbox 146 2068 1276 2311; baseline -0.004 -89"><span class='ocrx_word' id='word_1_128' title='bbox 146 2068 719 2225; x_wconf 61' lang='lat' dir='ltr'><strong>litttttttttttttt&#39;llll‘</strong></span> <span class='ocrx_word' id='word_1_129' title='bbox 730 2071 1276 2311; x_wconf 59' lang='lat' dir='ltr'><strong>E¹ttjttt503l3⁰qllttt⁰tff</strong></span> 
     </span>
    </p>
   </div>
   <div class='ocr_carea' id='block_1_8' title="bbox 148 2183 1275 2332">
    <p class='ocr_par' dir='ltr' id='par_1_10' title="bbox 148 2183 1275 2332">
     <span class='ocr_line' id='line_1_19' title="bbox 148 2183 1275 2332; baseline -0.002 -26"><span class='ocrx_word' id='word_1_130' title='bbox 148 2239 234 2332; x_wconf 70' lang='lat' dir='ltr'><strong>ieros</strong></span> <span class='ocrx_word' id='word_1_131' title='bbox 251 2237 389 2328; x_wconf 86' lang='lat' dir='ltr'><strong>lapidem</strong></span> <span class='ocrx_word' id='word_1_132' title='bbox 403 2238 560 2328; x_wconf 83' lang='lat' dir='ltr'><strong>grandem</strong></span> <span class='ocrx_word' id='word_1_133' title='bbox 573 2240 675 2325; x_wconf 77' lang='lat' dir='ltr'><strong>volvit,</strong></span> <span class='ocrx_word' id='word_1_134' title='bbox 699 2242 774 2332; x_wconf 89' lang='lat' dir='ltr'><strong>quia</strong></span> <span class='ocrx_word' id='word_1_135' title='bbox 786 2265 819 2310; x_wconf 90' lang='lat' dir='ltr'><strong>m</strong></span> <span class='ocrx_word' id='word_1_136' title='bbox 829 2183 901 2313; x_wconf 75' lang='lat' dir='ltr'><strong>⁸tos</strong></span> <span class='ocrx_word' id='word_1_137' title='bbox 915 2240 1036 2330; x_wconf 80' lang='lat' dir='ltr'><strong>ingenti</strong></span> <span class='ocrx_word' id='word_1_138' title='bbox 1049 2262 1129 2307; x_wconf 83' lang='lat' dir='ltr'><strong>saxo</strong></span> <span class='ocrx_word' id='word_1_139' title='bbox 1142 2237 1275 2305; x_wconf 82' lang='lat' dir='ltr'><strong>necarit.</strong></span> 
     </span>
    </p>
   </div>
   <div class='ocr_carea' id='block_1_9' title="bbox 106 2400 1065 2511">
    <p class='ocr_par' dir='ltr' id='par_1_11' title="bbox 106 2400 1065 2511">
     <span class='ocr_line' id='line_1_20' title="bbox 106 2400 1065 2511; baseline 0.001 -33"><span class='ocrx_word' id='word_1_140' title='bbox 106 2429 144 2479; x_wconf 86' lang='lat' dir='ltr'><strong>ao</strong></span> <span class='ocrx_word' id='word_1_141' title='bbox 358 2400 451 2478; x_wconf 89' lang='grc'><strong>166.</strong></span> <span class='ocrx_word' id='word_1_142' title='bbox 504 2401 739 2484; x_wconf 74' lang='lat' dir='ltr'><strong>Arethusa</strong></span> <span class='ocrx_word' id='word_1_143' title='bbox 771 2422 816 2486; x_wconf 88' lang='lat' dir='ltr'><strong>et</strong></span> <span class='ocrx_word' id='word_1_144' title='bbox 847 2404 1065 2511; x_wconf 70' lang='lat' dir='ltr'><strong>Alpheae.</strong></span> 
     </span>
    </p>
   </div>
   <div class='ocr_carea' id='block_1_10' title="bbox 149 2527 1277 2788">
    <p class='ocr_par' dir='ltr' id='par_1_12' title="bbox 149 2527 1277 2788">
     <span class='ocr_line' id='line_1_21' title="bbox 232 2527 1277 2621; baseline 0.006 -27"><span class='ocrx_word' id='word_1_145' title='bbox 232 2527 392 2596; x_wconf 76' lang='lat' dir='ltr'><strong>Arethusa</strong></span> <span class='ocrx_word' id='word_1_146' title='bbox 409 2530 559 2621; x_wconf 85' lang='lat' dir='ltr'><strong>Nympha</strong></span> <span class='ocrx_word' id='word_1_147' title='bbox 581 2535 716 2621; x_wconf 80' lang='lat' dir='ltr'><strong>legitor,</strong></span> <span class='ocrx_word' id='word_1_148' title='bbox 748 2536 915 2605; x_wconf 83' lang='lat' dir='ltr'><strong>venatione</strong></span> <span class='ocrx_word' id='word_1_149' title='bbox 939 2559 977 2603; x_wconf 84' lang='lat' dir='ltr'><strong>er</strong></span> <span class='ocrx_word' id='word_1_150' title='bbox 1001 2536 1082 2615; x_wconf 88' lang='lat' dir='ltr'><strong>leta,</strong></span> <span class='ocrx_word' id='word_1_151' title='bbox 1114 2557 1152 2603; x_wconf 87' lang='lat' dir='ltr'><strong>ae</strong></span> <span class='ocrx_word' id='word_1_152' title='bbox 1170 2531 1277 2601; x_wconf 77' lang='lat' dir='ltr'><strong>lavare</strong></span> 
     </span>
     <span class='ocr_line' id='line_1_22' title="bbox 149 2612 1277 2709; baseline 0.004 -31"><span class='ocrx_word' id='word_1_153' title='bbox 149 2612 183 2679; x_wconf 90' lang='lat' dir='ltr'><strong>in</strong></span> <span class='ocrx_word' id='word_1_154' title='bbox 202 2613 483 2702; x_wconf 78' lang='lat' dir='ltr'><strong>Alpheo-flumine.</strong></span> <span class='ocrx_word' id='word_1_155' title='bbox 523 2619 661 2707; x_wconf 78' lang='lat' dir='ltr'><strong>Exque</strong></span> <span class='ocrx_word' id='word_1_156' title='bbox 682 2642 780 2709; x_wconf 77' lang='lat' dir='ltr'><strong>qaum</strong></span> <span class='ocrx_word' id='word_1_157' title='bbox 800 2620 947 2690; x_wconf 86' lang='lat' dir='ltr'><strong>adamata</strong></span> <span class='ocrx_word' id='word_1_158' title='bbox 983 2622 1095 2701; x_wconf 85' lang='lat' dir='ltr'><strong>uisset,</strong></span> <span class='ocrx_word' id='word_1_159' title='bbox 1122 2629 1156 2686; x_wconf 90' lang='lat' dir='ltr'><strong>et</strong></span> <span class='ocrx_word' id='word_1_160' title='bbox 1177 2618 1277 2684; x_wconf 88' lang='lat' dir='ltr'><strong>liben-</strong></span> 
     </span>
     <span class='ocr_line' id='line_1_23' title="bbox 149 2699 1277 2788; baseline 0.002 -21"><span class='ocrx_word' id='word_1_161' title='bbox 149 2709 215 2767; x_wconf 86' lang='lat' dir='ltr'><strong>tem</strong></span> <span class='ocrx_word' id='word_1_162' title='bbox 242 2699 396 2786; x_wconf 76' lang='lat' dir='ltr'><strong>fugisset,¹</strong></span> <span class='ocrx_word' id='word_1_163' title='bbox 424 2700 558 2772; x_wconf 90' lang='lat' dir='ltr'><strong>deorum</strong></span> <span class='ocrx_word' id='word_1_164' title='bbox 588 2704 788 2774; x_wconf 89' lang='lat' dir='ltr'><strong>miseratione</strong></span> <span class='ocrx_word' id='word_1_165' title='bbox 808 2708 841 2774; x_wconf 89' lang='lat' dir='ltr'><strong>in</strong></span> <span class='ocrx_word' id='word_1_166' title='bbox 862 2708 980 2775; x_wconf 86' lang='lat' dir='ltr'><strong>sontem</strong></span> <span class='ocrx_word' id='word_1_167' title='bbox 1002 2729 1114 2788; x_wconf 84' lang='lat' dir='ltr'><strong>versa,</strong></span> <span class='ocrx_word' id='word_1_168' title='bbox 1144 2704 1277 2772; x_wconf 83' lang='lat' dir='ltr'><strong>secretis</strong></span> 
     </span>
    </p>
   </div>
   <div class='ocr_carea' id='block_1_11' title="bbox 108 2782 1276 2962">
    <p class='ocr_par' dir='ltr' id='par_1_13' title="bbox 108 2782 1276 2962">
     <span class='ocr_line' id='line_1_24' title="bbox 151 2782 1276 2882; baseline 0.007 -32"><span class='ocrx_word' id='word_1_169' title='bbox 151 2784 308 2852; x_wconf 84' lang='lat' dir='ltr'><strong>meatibus</strong></span> <span class='ocrx_word' id='word_1_170' title='bbox 327 2782 371 2851; x_wconf 89' lang='lat' dir='ltr'><strong>ad</strong></span> <span class='ocrx_word' id='word_1_171' title='bbox 390 2785 530 2859; x_wconf 83' lang='lat' dir='ltr'><strong>Siciliam</strong></span> <span class='ocrx_word' id='word_1_172' title='bbox 549 2790 647 2859; x_wconf 78' lang='lat' dir='ltr'><strong>fluxit.</strong></span> <span class='ocrx_word' id='word_1_173' title='bbox 689 2793 795 2881; x_wconf 82' lang='lat' dir='ltr'><strong>Quam</strong></span> <span class='ocrx_word' id='word_1_174' title='bbox 816 2791 931 2862; x_wconf 81' lang='lat' dir='ltr'><strong>dicitm</strong></span> <span class='ocrx_word' id='word_1_175' title='bbox 952 2789 1090 2882; x_wconf 78' lang='lat' dir='ltr'><strong>Alpheus</strong></span> <span class='ocrx_word' id='word_1_176' title='bbox 1110 2811 1212 2879; x_wconf 81' lang='lat' dir='ltr'><strong>usque</strong></span> <span class='ocrx_word' id='word_1_177' title='bbox 1233 2788 1276 2858; x_wconf 87' lang='lat' dir='ltr'><strong>ad</strong></span> 
     </span>
     <span class='ocr_line' id='line_1_25' title="bbox 108 2869 613 2962; baseline 0.024 -27"><span class='ocrx_word' id='word_1_178' title='bbox 108 2869 289 2938; x_wconf 63' lang='lat' dir='ltr'><strong>asininam</strong></span> <span class='ocrx_word' id='word_1_179' title='bbox 310 2871 468 2962; x_wconf 79' lang='lat' dir='ltr'><strong>persequi.</strong></span> <span class='ocrx_word' id='word_1_180' title='bbox 609 2940 613 2947; x_wconf 91' lang='lat'><em>.</em></span> 
     </span>
    </p>
   </div>
   <div class='ocr_carea' id='block_1_12' title="bbox 538 3008 891 3119">
    <p class='ocr_par' dir='ltr' id='par_1_14' title="bbox 538 3008 891 3119">
     <span class='ocr_line' id='line_1_26' title="bbox 538 3008 891 3119; baseline 0.003 -30"><span class='ocrx_word' id='word_1_181' title='bbox 538 3008 632 3089; x_wconf 85' lang='grc'><strong>167.</strong></span> <span class='ocrx_word' id='word_1_182' title='bbox 684 3016 891 3119; x_wconf 75' lang='lat' dir='ltr'><strong>Scyron.</strong></span> 
     </span>
    </p>
   </div>
   <div class='ocr_carea' id='block_1_13' title="bbox 236 3139 1279 3230">
    <p class='ocr_par' dir='ltr' id='par_1_15' title="bbox 236 3139 1279 3230">
     <span class='ocr_line' id='line_1_27' title="bbox 236 3139 1279 3230; baseline -0.003 -23"><span class='ocrx_word' id='word_1_183' title='bbox 236 3140 380 3230; x_wconf 79' lang='lat' dir='ltr'><strong>Scyron,</strong></span> <span class='ocrx_word' id='word_1_184' title='bbox 407 3139 471 3207; x_wconf 89' lang='lat' dir='ltr'><strong>alto</strong></span> <span class='ocrx_word' id='word_1_185' title='bbox 490 3140 633 3210; x_wconf 88' lang='lat' dir='ltr'><strong>residens</strong></span> <span class='ocrx_word' id='word_1_186' title='bbox 655 3167 753 3223; x_wconf 85' lang='lat' dir='ltr'><strong>saxo,</strong></span> <span class='ocrx_word' id='word_1_187' title='bbox 779 3153 979 3212; x_wconf 87' lang='lat' dir='ltr'><strong>transeuntes</strong></span> <span class='ocrx_word' id='word_1_188' title='bbox 1000 3142 1147 3230; x_wconf 67' lang='lat' dir='ltr'><strong>coegisse</strong></span> <span class='ocrx_word' id='word_1_189' title='bbox 1167 3139 1279 3218; x_wconf 82' lang='lat' dir='ltr'><strong>fertur,</strong></span> 
     </span>
    </p>
   </div>
   <div class='ocr_carea' id='block_1_14' title="bbox 154 3223 1279 3402">
    <p class='ocr_par' dir='ltr' id='par_1_16' title="bbox 154 3223 1279 3402">
     <span class='ocr_line' id='line_1_28' title="bbox 154 3223 1279 3317; baseline 0.003 -27"><span class='ocrx_word' id='word_1_190' title='bbox 154 3234 192 3293; x_wconf 91' lang='lat' dir='ltr'><strong>ot</strong></span> <span class='ocrx_word' id='word_1_191' title='bbox 210 3223 270 3290; x_wconf 89' lang='lat' dir='ltr'><strong>sibi</strong></span> <span class='ocrx_word' id='word_1_192' title='bbox 291 3226 390 3313; x_wconf 90' lang='lat' dir='ltr'><strong>pedes</strong></span> <span class='ocrx_word' id='word_1_193' title='bbox 410 3225 565 3310; x_wconf 79' lang='lat' dir='ltr'><strong>lavarent3</strong></span> <span class='ocrx_word' id='word_1_194' title='bbox 586 3228 674 3317; x_wconf 87' lang='lat' dir='ltr'><strong>quod</strong></span> <span class='ocrx_word' id='word_1_195' title='bbox 694 3229 771 3297; x_wconf 90' lang='lat' dir='ltr'><strong>dum</strong></span> <span class='ocrx_word' id='word_1_196' title='bbox 791 3229 951 3311; x_wconf 82' lang='lat' dir='ltr'><strong>iacerent,</strong></span> <span class='ocrx_word' id='word_1_197' title='bbox 971 3249 1029 3297; x_wconf 86' lang='lat' dir='ltr'><strong>eos</strong></span> <span class='ocrx_word' id='word_1_198' title='bbox 1049 3252 1088 3296; x_wconf 82' lang='lat' dir='ltr'><strong>er</strong></span> <span class='ocrx_word' id='word_1_199' title='bbox 1109 3228 1279 3316; x_wconf 74' lang='lat' dir='ltr'><strong>improviso</strong></span> 
     </span>
     <span class='ocr_line' id='line_1_29' title="bbox 154 3309 540 3402; baseline 0.01 -27"><span class='ocrx_word' id='word_1_200' title='bbox 154 3310 187 3376; x_wconf 95' lang='lat' dir='ltr'><strong>in</strong></span> <span class='ocrx_word' id='word_1_201' title='bbox 204 3310 422 3402; x_wconf 87' lang='lat' dir='ltr'><strong>praecipitium</strong></span> <span class='ocrx_word' id='word_1_202' title='bbox 443 3309 540 3380; x_wconf 82' lang='lat' dir='ltr'><strong>dedit.</strong></span> 
     </span>
    </p>
   </div>
   <div class='ocr_carea' id='block_1_15' title="bbox 112 3428 1083 3581">
    <p class='ocr_par' dir='ltr' id='par_1_17' title="bbox 112 3428 1083 3581">
     <span class='ocr_line' id='line_1_30' title="bbox 112 3428 1083 3581; baseline -0.008 -21"><span class='ocrx_word' id='word_1_203' title='bbox 112 3509 150 3560; x_wconf 85' lang='lat' dir='ltr'><strong>ao</strong></span> <span class='ocrx_word' id='word_1_204' title='bbox 348 3473 440 3552; x_wconf 87' lang='grc'><strong>166.</strong></span> <span class='ocrx_word' id='word_1_205' title='bbox 493 3428 736 3581; x_wconf 30' lang='lat' dir='ltr'><strong>Crotopus‘</strong></span> <span class='ocrx_word' id='word_1_206' title='bbox 757 3488 800 3556; x_wconf 87' lang='lat' dir='ltr'><strong>et</strong></span> <span class='ocrx_word' id='word_1_207' title='bbox 835 3477 1083 3556; x_wconf 85' lang='lat' dir='ltr'><strong>Coroebus.</strong></span> 
     </span>
    </p>
   </div>
   <div class='ocr_carea' id='block_1_16' title="bbox 113 3600 1283 4208">
    <p class='ocr_par' dir='ltr' id='par_1_18' title="bbox 238 3600 1277 3698">
     <span class='ocr_line' id='line_1_31' title="bbox 238 3600 1277 3698; baseline 0.002 -30"><span class='ocrx_word' id='word_1_208' title='bbox 238 3601 402 3692; x_wconf 81' lang='lat' dir='ltr'><strong>Oretopus</strong></span> <span class='ocrx_word' id='word_1_209' title='bbox 424 3623 482 3672; x_wconf 87' lang='lat' dir='ltr'><strong>rex</strong></span> <span class='ocrx_word' id='word_1_210' title='bbox 504 3604 563 3673; x_wconf 86' lang='lat' dir='ltr'><strong>luit</strong></span> <span class='ocrx_word' id='word_1_211' title='bbox 581 3606 780 3693; x_wconf 81' lang='lat' dir='ltr'><strong>Argivorum,</strong></span> <span class='ocrx_word' id='word_1_212' title='bbox 802 3606 891 3698; x_wconf 87' lang='lat' dir='ltr'><strong>eujus</strong></span> <span class='ocrx_word' id='word_1_213' title='bbox 910 3606 1009 3672; x_wconf 84' lang='lat' dir='ltr'><strong>tiliam</strong></span> <span class='ocrx_word' id='word_1_214' title='bbox 1024 3601 1135 3693; x_wconf 80' lang='lat' dir='ltr'><strong>Apollo</strong></span> <span class='ocrx_word' id='word_1_215' title='bbox 1154 3600 1277 3670; x_wconf 69' lang='lat' dir='ltr'><strong>vidant</strong></span> 
     </span>
    </p>

    <p class='ocr_par' dir='ltr' id='par_1_19' title="bbox 113 3685 1283 4102">
     <span class='ocr_line' id='line_1_32' title="bbox 155 3685 1278 3780; baseline 0.001 -27"><span class='ocrx_word' id='word_1_216' title='bbox 155 3685 253 3762; x_wconf 81' lang='lat' dir='ltr'><strong>Quod</strong></span> <span class='ocrx_word' id='word_1_217' title='bbox 273 3701 366 3778; x_wconf 89' lang='lat' dir='ltr'><strong>pater</strong></span> <span class='ocrx_word' id='word_1_218' title='bbox 384 3687 554 3776; x_wconf 80' lang='lat' dir='ltr'><strong>indignans</strong></span> <span class='ocrx_word' id='word_1_219' title='bbox 573 3692 667 3757; x_wconf 87' lang='lat' dir='ltr'><strong>filiam</strong></span> <span class='ocrx_word' id='word_1_220' title='bbox 690 3693 865 3772; x_wconf 82' lang='lat' dir='ltr'><strong>interemit,</strong></span> <span class='ocrx_word' id='word_1_221' title='bbox 896 3693 969 3780; x_wconf 86' lang='lat' dir='ltr'><strong>qnia</strong></span> <span class='ocrx_word' id='word_1_222' title='bbox 989 3692 1105 3758; x_wconf 88' lang='lat' dir='ltr'><strong>Vestae</strong></span> <span class='ocrx_word' id='word_1_223' title='bbox 1124 3688 1278 3763; x_wconf 83' lang='lat' dir='ltr'><strong>sacerdos</strong></span> 
     </span>
     <span class='ocr_line' id='line_1_33' title="bbox 155 3772 1279 3866; baseline 0.004 -30"><span class='ocrx_word' id='word_1_224' title='bbox 155 3772 276 3854; x_wconf 81' lang='lat' dir='ltr'><strong>tuerat,</strong></span> <span class='ocrx_word' id='word_1_225' title='bbox 309 3784 343 3842; x_wconf 88' lang='lat' dir='ltr'><strong>et</strong></span> <span class='ocrx_word' id='word_1_226' title='bbox 367 3774 399 3840; x_wconf 94' lang='lat' dir='ltr'><strong>in</strong></span> <span class='ocrx_word' id='word_1_227' title='bbox 429 3776 606 3862; x_wconf 77' lang='lat' dir='ltr'><strong>virginitate</strong></span> <span class='ocrx_word' id='word_1_228' title='bbox 626 3800 753 3866; x_wconf 86' lang='lat' dir='ltr'><strong>semper</strong></span> <span class='ocrx_word' id='word_1_229' title='bbox 772 3777 948 3866; x_wconf 89' lang='lat' dir='ltr'><strong>perdurare</strong></span> <span class='ocrx_word' id='word_1_230' title='bbox 968 3774 1086 3843; x_wconf 83' lang='lat' dir='ltr'><strong>debuit.</strong></span> <span class='ocrx_word' id='word_1_231' title='bbox 1128 3775 1166 3844; x_wconf 92' lang='lat' dir='ltr'><strong>In</strong></span> <span class='ocrx_word' id='word_1_232' title='bbox 1187 3773 1279 3861; x_wconf 74' lang='lat' dir='ltr'><strong>cnjus</strong></span> 
     </span>
     <span class='ocr_line' id='line_1_34' title="bbox 155 3855 1283 3948; baseline 0.003 -27"><span class='ocrx_word' id='word_1_233' title='bbox 155 3855 306 3923; x_wconf 88' lang='lat' dir='ltr'><strong>ultionem</strong></span> <span class='ocrx_word' id='word_1_234' title='bbox 330 3858 441 3947; x_wconf 80' lang='lat' dir='ltr'><strong>Apollo</strong></span> <span class='ocrx_word' id='word_1_235' title='bbox 462 3861 610 3928; x_wconf 89' lang='lat' dir='ltr'><strong>horribile</strong></span> <span class='ocrx_word' id='word_1_236' title='bbox 637 3874 812 3930; x_wconf 89' lang='lat' dir='ltr'><strong>monstrum</strong></span> <span class='ocrx_word' id='word_1_237' title='bbox 839 3864 937 3943; x_wconf 91' lang='lat' dir='ltr'><strong>misit,</strong></span> <span class='ocrx_word' id='word_1_238' title='bbox 977 3860 1063 3948; x_wconf 85' lang='lat' dir='ltr'><strong>quod</strong></span> <span class='ocrx_word' id='word_1_239' title='bbox 1096 3861 1283 3942; x_wconf 76' lang='lat' dir='ltr'><strong>Coroebus,</strong></span> 
     </span>
     <span class='ocr_line' id='line_1_35' title="bbox 113 3941 1280 4101; baseline 0.002 -91"><span class='ocrx_word' id='word_1_240' title='bbox 113 3941 414 4095; x_wconf 52' lang='lat' dir='ltr'><strong>asffgpgpipspidam</strong></span> <span class='ocrx_word' id='word_1_241' title='bbox 428 3946 630 4101; x_wconf 59' lang='lat' dir='ltr'><strong>soppipsimlus,</strong></span> <span class='ocrx_word' id='word_1_242' title='bbox 651 3946 776 4101; x_wconf 60' lang='lat' dir='ltr'><strong>occiditt.</strong></span> <span class='ocrx_word' id='word_1_243' title='bbox 806 3949 852 4016; x_wconf 84' lang='lat' dir='ltr'><strong>Et</strong></span> <span class='ocrx_word' id='word_1_244' title='bbox 872 3949 955 4100; x_wconf 68' lang='lat' dir='ltr'><strong>hante</strong></span> <span class='ocrx_word' id='word_1_245' title='bbox 976 3947 1137 4100; x_wconf 64' lang='lat' dir='ltr'><strong>histppiam</strong></span> <span class='ocrx_word' id='word_1_246' title='bbox 1158 3945 1280 4012; x_wconf 85' lang='lat' dir='ltr'><strong>Statius</strong></span> 
     </span>
     <span class='ocr_line' id='line_1_36' title="bbox 325 4053 1281 4102; baseline 0 -6"><span class='ocrx_word' id='word_1_247' title='bbox 325 4054 377 4096; x_wconf 88' lang='lat' dir='ltr'><strong>me</strong></span> <span class='ocrx_word' id='word_1_248' title='bbox 407 4054 469 4098; x_wconf 84' lang='lat' dir='ltr'><strong>sorr</strong></span> <span class='ocrx_word' id='word_1_249' title='bbox 492 4056 525 4098; x_wconf 85' lang='grc' dir='ltr'><strong>ι.</strong></span> <span class='ocrx_word' id='word_1_250' title='bbox 606 4055 675 4102; x_wconf 90' lang='lat' dir='ltr'><strong>sum</strong></span> <span class='ocrx_word' id='word_1_251' title='bbox 707 4055 748 4099; x_wconf 91' lang='lat' dir='ltr'><strong>au</strong></span> <span class='ocrx_word' id='word_1_252' title='bbox 762 4056 813 4101; x_wconf 86' lang='lat' dir='ltr'><strong>em</strong></span> <span class='ocrx_word' id='word_1_253' title='bbox 843 4057 932 4101; x_wconf 87' lang='lat' dir='ltr'><strong>mons</strong></span> <span class='ocrx_word' id='word_1_254' title='bbox 947 4055 1015 4100; x_wconf 85' lang='lat' dir='ltr'><strong>rum</strong></span> <span class='ocrx_word' id='word_1_255' title='bbox 1074 4055 1156 4098; x_wconf 79' lang='lat' dir='ltr'><strong>arnna</strong></span> <span class='ocrx_word' id='word_1_256' title='bbox 1184 4053 1281 4096; x_wconf 77' lang='lat' dir='ltr'><strong>eoca-</strong></span> 
     </span>
    </p>

    <p class='ocr_par' dir='ltr' id='par_1_20' title="bbox 155 4058 1280 4208">
     <span class='ocr_line' id='line_1_37' title="bbox 155 4058 1280 4208; baseline 0.002 -30"><span class='ocrx_word' id='word_1_257' title='bbox 155 4113 259 4180; x_wconf 88' lang='lat' dir='ltr'><strong>batur.</strong></span> <span class='ocrx_word' id='word_1_258' title='bbox 301 4113 435 4182; x_wconf 83' lang='lat' dir='ltr'><strong>Lamiae</strong></span> <span class='ocrx_word' id='word_1_259' title='bbox 462 4130 535 4185; x_wconf 91' lang='lat' dir='ltr'><strong>sunt</strong></span> <span class='ocrx_word' id='word_1_260' title='bbox 562 4058 644 4185; x_wconf 58' lang='lat' dir='ltr'><strong>elim</strong></span> <span class='ocrx_word' id='word_1_261' title='bbox 677 4118 782 4187; x_wconf 84' lang='lat' dir='ltr'><strong>fossae</strong></span> <span class='ocrx_word' id='word_1_262' title='bbox 810 4141 994 4208; x_wconf 89' lang='lat' dir='ltr'><strong>camporum</strong></span> <span class='ocrx_word' id='word_1_263' title='bbox 1022 4118 1131 4208; x_wconf 86' lang='lat' dir='ltr'><strong>pluviis</strong></span> <span class='ocrx_word' id='word_1_264' title='bbox 1158 4116 1280 4205; x_wconf 86' lang='lat' dir='ltr'><strong>plenae,</strong></span> 
     </span>
    </p>
   </div>
   <div class='ocr_carea' id='block_1_17' title="bbox 153 4196 1281 4354">
    <p class='ocr_par' dir='ltr' id='par_1_21' title="bbox 153 4196 1281 4354">
     <span class='ocr_line' id='line_1_38' title="bbox 153 4196 1281 4354; baseline 0.004 -89"><span class='ocrx_word' id='word_1_265' title='bbox 153 4196 392 4354; x_wconf 41' lang='lat' dir='ltr'><strong>&amp;genapium</strong></span> <span class='ocrx_word' id='word_1_266' title='bbox 415 4203 597 4288; x_wconf 80' lang='lat' dir='ltr'><strong>fluminum3</strong></span> <span class='ocrx_word' id='word_1_267' title='bbox 624 4202 713 4272; x_wconf 92' lang='lat' dir='ltr'><strong>uode</strong></span> <span class='ocrx_word' id='word_1_268' title='bbox 738 4206 805 4294; x_wconf 92' lang='lat' dir='ltr'><strong>ipsa</strong></span> <span class='ocrx_word' id='word_1_269' title='bbox 829 4203 1025 4275; x_wconf 80' lang='lat' dir='ltr'><strong>ferocissima</strong></span> <span class='ocrx_word' id='word_1_270' title='bbox 1046 4203 1147 4273; x_wconf 90' lang='lat' dir='ltr'><strong>bestia</strong></span> <span class='ocrx_word' id='word_1_271' title='bbox 1167 4202 1281 4271; x_wconf 83' lang='lat' dir='ltr'><strong>Lamia</strong></span> 
     </span>
    </p>
   </div>
   <div class='ocr_carea' id='block_1_18' title="bbox 0 0 1337 5130">
    <p class='ocr_par' dir='ltr' id='par_1_22' title="bbox 0 0 1337 5130">
     <span class='ocr_line' id='line_1_39' title="bbox 0 0 1337 5130; baseline 0 0"><span class='ocrx_word' id='word_1_272' title='bbox 0 0 1337 5130; x_wconf 95' lang='lat' dir='ltr'><strong> </strong></span> 
     </span>
    </p>
   </div>
  </div>
 </body>
</html>
