2640 5130
72 120 81 138 ’
177 184 234 260 ao
492 183 732 288 umagen.
785 140 905 286 aar
922 183 1004 305 ao„
1068 159 1070 163 ’

594 368 662 444 87.
715 369 888 447 Orista.

264 513 391 596 Orista,
431 526 541 606 pastor
569 517 673 585 0enci
703 520 810 607 regis,
848 544 947 610 quum
976 519 1097 588 videret
1127 542 1256 611 caprum
1284 547 1305 593 a

180 622 285 690 grego
303 601 427 691 saepiua
448 601 680 683 discedentem,
702 626 775 673 eum
796 623 943 688 secutus,
971 629 1063 673 uvam
1080 605 1305 694 depascentem

179 688 296 754 invenit
322 689 353 753 iu
373 687 449 774 ,ripa
469 688 598 754 Acheloi
626 689 779 758 fluminis:
807 715 902 779 quam
931 692 1036 759 statim
1062 695 1236 779 expressit,
1263 717 1304 761 ac

154 772 223 843 nde
250 795 332 875 aqua
353 773 481 839 Acheloi
503 774 655 854 fluminis,
683 774 771 860 juxta
794 800 889 864 quam
914 779 1019 844 luerat
1045 776 1186 857 inventa,
1216 801 1304 846 com-

178 858 319 936 miscuit,
356 857 531 946 obtulitque
557 861 645 946 regi,
680 860 733 947 qui
760 883 820 928 suo
849 863 973 930 nomine
1002 864 1131 929 Graeco
1156 885 1304 931 sermone

68 1016 69 1020 ,
178 945 290 1026 alnoo,
317 941 351 1009 id
372 954 422 1010 est
442 945 562 1027 riuum,
588 943 762 1035 appellavit.
802 973 804 978 ·

111 1186 115 1197 ’
178 1161 246 1277 88.
298 1163 455 1263 Liber,
490 1165 695 1343 Silenus?
730 1164 984 1289 illidasrex
1012 1176 1055 1240 et
1083 1164 1302 1243 Pactolus

689 1294 830 1343 nurus.
1125 1295 1130 1307 ¹

136 1425 174 1476 ιο
261 1413 375 1493 Liber,
403 1411 542 1479 'l’hracia
568 1409 748 1513 digressus,
777 1436 873 1504 quum
900 1413 932 1479 in
962 1414 1077 1481 'l'rnolo
1104 1427 1212 1484 monta
1238 1418 1300 1486 iter

178 1522 196 1564 a
224 1511 311 1580 eret,
350 1499 494 1576 Silenus,
535 1511 669 1564 nutntor
697 1498 784 1589 ejus,
824 1525 844 1568 a
874 1498 1058 1588 Phrygibus
1088 1515 1218 1590 captus,
1256 1503 1299 1570 ad

175 1521 294 1651 hildam
322 1607 433 1673 regem
461 1583 575 1650 ductus
601 1595 659 1649 est.
708 1585 831 1652 Silenus
857 1596 983 1667 autem,
1023 1586 1149 1673 agnitus
1178 1590 1219 1653 ab
1246 1610 1298 1667 ec,

175 1685 327 1759 acceptus
343 1681 401 1749 est,
419 1681 452 1737 et
469 1669 588 1733 Libero
607 1668 782 1737 advenienti
801 1668 952 1737 redditus.
992 1670 1037 1740 Et
1053 1674 1094 1737 ob
1112 1672 1298 1741 beneficium

175 1777 196 1821 o
218 1756 296 1823 tanti
319 1755 398 1821 deus
422 1754 583 1821 albitrium
604 1754 635 1819 ei
656 1752 761 1833 dedit,
789 1756 816 1821 si
842 1754 918 1843 quid
945 1753 1054 1833 vellet,
1079 1779 1098 1822 a
1120 1780 1155 1823 se
1176 1771 1297 1846 petere.

135 1852 170 1904 ta
212 1863 232 1906 e
258 1862 334 1907 vero
360 1839 454 1929 petit,
483 1852 533 1918 ut,
563 1860 647 1926 quae
668 1841 868 1928 contigisset,
897 1861 1008 1905 aurum
1031 1843 1151 1908 fierent.
1199 1843 1297 1918 Quod

174 1925 280 1994 inutile
312 1926 379 1993 suit.
441 1923 525 1991 Nam
557 1924 663 2012 coepit
694 1926 744 1990 sui
773 1924 839 1993 voti
871 1925 989 1990 affectu
1019 1940 1070 1994 tor
1093 1928 1179 2007 ueri;
1221 1930 1296 2015 quia

173 2010 323 2101 quicquid
351 2009 519 2095 tetigerat,
548 2030 658 2077 aurum
686 2011 790 2078 statim
816 2007 1023 2078 efficiebatur.
1070 1949 1295 2101 liuipetenti,

36 2156 47 2187 ‚
173 2108 210 2164 ut
243 2096 462 2163 restitueretur
493 2094 572 2176 sibi,
615 2093 699 2161 lecit
763 2093 863 2162 lussit
892 2095 994 2176 enim,
1035 2108 1071 2164 ut
1102 2095 1145 2162 ad
1177 2099 1296 2164 flumen

172 2180 340 2249 Pactolum
368 2179 559 2269 perveniret,
594 2179 645 2245 cui
672 2202 709 2246 se
735 2202 795 2268 sup
818 2190 947 2257 oneret,
980 2192 1013 2248 et
1041 2184 1088 2247 sic
1115 2180 1234 2251 rediret
1257 2184 1294 2250 in

131 2267 336 2355 sopristinum
367 2277 491 2334 statum.
548 2264 621 2340 Quo
651 2263 759 2348 lacto,
796 2205 951 2333 Pactolus
996 2265 1146 2356 deinceps
1182 2290 1294 2337 arenas

172 2374 285 2419 aurens
311 2349 438 2421 trahere
465 2349 607 2419 dicitur.-

482 2565 550 2642 89.
602 2544 671 2643 Des
696 2574 796 2643 ortu
829 2563 979 2672 Panis.

253 2713 336 2782 Post
359 2724 493 2781 mortem
512 2708 610 2779 Ulixis
629 2710 806 2779 Mercurius
827 2734 899 2780 cnm
921 2707 1109 2799 uxoreejus
1131 2710 1293 2803 Penelope

171 2802 360 2883 concubuit;
389 2820 472 2890 quoe
498 2799 557 2883 sibi
579 2797 671 2887 juxta
696 2797 847 2886 oppidum
867 2799 1015 2886 Tegeam
1034 2795 1159 2885 peperit
1178 2799 1288 2883 filium,

128 2887 240 2956 uaPan
261 2886 394 2955 nomine.
434 2883 529 2953 Unde
554 2898 587 2952 et
605 2883 759 2972 'l'egeeus
782 2883 905 2952 dicitur.
1244 2892 1248 2901 '

609 3110 678 3189 90.
729 3116 845 3191 Pau.

251 3268 323 3336 Pan
403 3289 456 3332 um
494 3263 664 3344 Tmolum,
707 3276 844 3332 montem
881 3260 1027 3355 Lydiae,
1076 3265 1290 3354 frequentans,

168 3353 271 3424 liatrula
294 3376 330 3420 se
350 3375 369 3418 o
393 3353 542 3430 lectnret,
568 3350 739 3439 'Apollinem
760 3352 792 3416 in
812 3361 969 3416 certarnen
996 3352 1153 3430 evocarit,
1183 3350 1290 3415 ‘udice

168 3441 292 3509 Tmolo.
322 3437 434 3525 ltaque
448 3459 542 3524 quum
558 3435 686 3525 Apollini
709 3437 836 3504 victoria
861 3448 946 3504 essct
966 3433 1161 3524 adjudicata,
1216 3436 1291 3501 idae

125 3527 237 3614 aoregi
265 3521 420 3591 adsidenti
447 3522 502 3587 soli
528 3520 691 3608 displicuit.
734 3522 838 3596 Quam
853 3523 901 3585 'ob
925 3543 1053 3586 causam
1080 3519 1161 3586 deus
1189 3521 1290 3586 iratna

166 3634 259 3679 aures
292 3609 359 3697 ejus
390 3607 523 3673 asininas
556 3607 639 3673 lecit
701 3606 756 3672 llle
785 3607 921 3673 criminis
951 3607 1000 3671 sui
1029 3617 1134 3680 notam
1168 3606 1290 3673 tonsori

164 3710 287 3765 tantum
315 3693 466 3774 ostendit,
498 3693 691 3781 praecipiens
720 3692 766 3773 ei,
796 3705 849 3771 ut,
876 3693 902 3759 si
929 3692 1046 3757 crimen
1071 3692 1138 3781 ejus
1160 3690 1289 3771 celaret,

165 3782 350 3870 participem
371 3801 443 3845 eum
468 3778 560 3864 regui
584 3778 737 3844 efficeret.
785 3777 841 3845 llle
861 3790 976 3845 terram
1002 3775 1098 3851 fodit,
1128 3786 1160 3842 et
1181 3799 1289 3843 accre-

75 3957 88 3990 s
165 3881 231 3934 tum
263 3864 379 3931 domini
411 3863 459 3929 sui
490 3865 521 3927 in
555 3862 683 3928 defosso
721 3875 827 3930 terrae
865 3863 957 3965 dixit,
994 3873 1028 3928 et
1056 3861 1218 4010 operuit.s
1249 3861 1288 3962 ln

123 3946 1287 4126 mittit,tiltltttJtL-'tn‘t''itftlttttt'ltt,,tlt

211 4120 274 4187 het.
323 4118 463 4195 Quidam
493 4119 622 4188 tradunt
628 4169 640 4202 ,
675 4139 737 4184 non
764 4118 906 4201 Panem,
936 4116 996 4185 sed
1022 4117 1184 4206 Marsyam
1211 4137 1287 4184 cum

163 4207 303 4299 Apolline
327 4216 477 4276 certasse.
