2640 5130
419 510 616 667 ¹rvrytrags
644 564 701 639 u,
750 561 845 662 auo
1130 567 1209 644 rsa

72 753 189 818 lovem
218 771 333 852 regno-
342 721 496 899 ppllerot
539 748 684 838 Juppiter
721 761 830 818 antem
868 771 938 817 eam
965 749 1069 840 junxit
1095 750 1206 818 Peleo.
1247 805 1249 809 .

74 838 196 904 Peleus
218 837 318 925 igitur
398 831 514 927 elidem
545 835 685 911 ducens,
714 837 917 922 magnificum
939 836 1016 904 lecit
1035 836 1208 903 convivium

73 925 134 991 aiis
154 936 189 994 et
210 921 333 988 deabus
353 920 505 985 omnibus.
561 920 637 986 Sola
669 919 839 987 Discordia
876 922 1001 987 minime
1026 920 1208 989 introducta

72 1021 136 1076 est.
177 1008 271 1082 Quae
294 1008 337 1072 ob
358 1003 420 1071 hoc
438 1003 517 1070 irata
539 1027 670 1071 aureum
691 1028 818 1091 pomum
835 1007 968 1095 jactavit
986 1007 1017 1071 in
1033 1007 1205 1073 convivium

78 1095 163 1159 inter
178 1093 335 1159 Venerem
365 1098 399 1155 et
417 1088 589 1155 Minervam
621 1103 654 1156 et
672 1092 846 1171 lunonem,
878 1093 910 1158 in
931 1114 994 1180 quo
1016 1103 1086 1158 erat
1106 1093 1231 1179 scrip-o

72 1193 157 1245 turn:
182 1173 462 1241 Pulcherrimum
482 1173 611 1239 donum
627 1174 885 1261 pulcherrimae
904 1176 999 1241 dene.
1040 1177 1103 1243 Illis
1126 1178 1209 1244 inter

73 1262 355 1413 {diffidis
374 1259 1210 1413 l⁰tttt⁸⁸llttl¹⁰¹¹tll⁰atltllt⁰fflltltl

74 1432 208 1499 Veneris
219 1396 344 1499 'Junont
363 1390 399 1493 et
417 1425 578 1494 Minervae
629 1368 806 1510 ra'edevens,
839 1454 968 1498 aureum
1001 1395 1128 1519 pomum
1148 1432 1208 1519 ipsi

74 1516 249 1584 vindicavit.
292 1509 387 1582 Unde
413 1522 446 1579 ct
468 1526 578 1601 postea
600 1452 730 1582 veneris
760 1516 873 1583 auxilio
907 1518 1055 1604 Spartam
1085 1540 1122 1584 es
1146 1536 1249 1603 ugslu

74 1601 200 1682 nando,
228 1601 384 1668 Helenam
404 1598 516 1698 rapuit
570 1598 636 1665 Sed
657 1612 788 1687 propter
806 1600 932 1669 Paridis
948 1602 1101 1691 judicium
1123 1542 1208 1669 duno

75 1708 204 1837 semper
233 1699 346 1787 postea
374 1680 522 1772 TroJanis
548 1683 673 1784 inimica
700 1686 767 1754 luit.
817 1689 936 1789 (lenuit
963 1699 1068 1755 autem
1096 1688 1221 1756 Thetis·

76 1796 115 1840 ex
166 1772 234 1839 eleo
255 1768 414 1838 sahulem.
450 1767 516 1870 'De
535 1791 624 1857 quus
644 1783 748 1839 morte
767 1794 865 1860 quum
886 1784 1028 1853 timeret,
1062 1795 1102 1839 eo
1123 1771 1210 1861 quod

75 1852 865 2032 ttttttttt,“lilla‘llsttttlfftlf
889 1857 1250 2030 ilidalipiilillta

76 2041 182 2108 esset,
211 2039 247 2096 ut
267 2025 416 2093 credatur
446 2023 507 2088 dco
527 2026 664 2111 genitus.
706 2027 819 2094 'I'hetis
839 2043 962 2112 mmen,
1000 2028 1066 2096 sata
1086 2027 1210 2094 Achillis

76 2115 209 2193 timens,
243 2136 316 2179 eum
338 2112 371 2177 in
395 2109 538 2199 Stygiam
562 2110 708 2198 paludem
726 2113 833 2194 tinxit;
864 2112 950 2179 unde
978 2121 1046 2181 toto
1074 2134 1211 2201 corpore

77 2198 307 2265 invulnerabilis
330 2197 408 2277 suit,
438 2206 573 2282 excepto
602 2196 682 2276 talo,
714 2199 768 2284 qui
787 2199 895 2265 matris
917 2219 1012 2265 manu
1033 2200 1209 2265 tenebatur.

77 2283 146 2351 Sed
167 2283 300 2350 Achilles
321 2282 408 2350 circa
426 2300 534 2347 muros
554 2282 674 2371 'I'rojae
694 2283 808 2350 bellurn
827 2305 954 2370 gerens,
972 2305 1068 2385 quum
1091 2285 1211 2350 l'oreret
1305 2288 1318 2313 ⁸

76 2369 230 2436 adversus
255 2371 523 2454 Agamemnonem
543 2382 672 2455 propter
691 2368 886 2449 Briseidem,
906 2369 1039 2436 nolurte
1065 2368 1132 2435 redi
1152 2367 1253 2436 adto

77 2476 187 2522 versus
207 2453 375 2543 Trojanos.
419 2452 569 2538 Rogatus
590 2465 714 2528 autem,
736 2466 774 2520 ut
793 2454 902 2521 saltem
922 2391 1091 2533 Patronis,
1111 2453 1211 2519 sodali

76 2562 154 2619 suo,
184 2539 237 2628 qui
268 2552 360 2606 antea
381 2539 412 2604 in
433 2535 575 2624 Trojano
596 2537 678 2603 bello
700 2539 935 2627 Sarpedonem,
963 2538 1050 2606 Jovis
1071 2552 1104 2605 et
1124 2539 1211 2604 Lao-

76 2623 204 2692 damiae
225 2623 340 2700 filium,
361 2621 541 2701 occiderat,
568 2645 654 2689 arma
676 2646 752 2692 sua,
779 2622 909 2690 Vulcani
930 2647 1025 2691 manu
1047 2623 1211 2704 fabricata,

75 2722 269 2813 praestaret,
300 2708 510 2797 persuadente
538 2705 665 2773 demum
697 2709 805 2790 Ulixe,
833 2711 1000 2777 concessit
1047 2710 1210 2798 Egressus

76 2797 176 2881 vgitnr
204 2793 388 2875 Patroclus,
415 2791 542 2859 indutus
563 2793 657 2859 armis
679 2793 819 2871 Achillis,
849 2796 890 2861 ab
910 2796 1055 2862 Hectore
1075 2796 1247 2875 occisuras

77 2895 112 2947 et
133 2880 229 2947 mmis
250 2879 398 2968 spoliatus
425 2876 583 2945 occubuit
625 2878 745 2946 Postea
775 2880 888 2948 Thetis
912 2880 1040 2959 Achilli,
1072 2893 1206 2947 mortem

78 2963 195 3032 sodalis
214 2965 413 3053 impatienter
434 2962 564 3051 ferenti,
596 2963 747 3031 Vulcania
775 2987 864 3031 arma
889 2962 1003 3032 iterum
1023 2965 1208 3052 impetravit

79 3052 205 3125 Quibus
221 3050 349 3116 indutus
370 3072 467 3138 quum
487 3049 680 3130 Hectorem,
702 3050 735 3115 in
756 3049 921 3119 vindictam
942 3050 1083 3118 Patrocli
1099 3073 1214 3139 provo-

78 3148 205 3216 catum,
236 3135 444 3217 interficeret,
476 3133 673 3222 cadaverque
697 3135 781 3224 ejus,
809 3134 851 3203 ad
872 3128 998 3202 currum
1020 3157 1111 3202 suom
1133 3137 1212 3222 liga·

78 3230 165 3301 tom,
197 3221 283 3288 circa
310 3242 418 3287 moros
446 3218 603 3298 traheret,
633 3234 766 3307 rogatus
793 3242 813 3286 a
838 3221 967 3288 Priamo
997 3234 1064 3301 est,
1094 3234 1129 3287 ut
1153 3219 1255 3286 sibico

79 3306 191 3374 liceret
221 3305 366 3373 exanime
397 3305 450 3387 filii
484 3325 599 3406 corpus
631 3327 710 3372 auro
741 3319 905 3395 pensatum
937 3307 1090 3395 recipere.
1139 3306 1213 3381 Quo

80 3392 186 3471 sacto,
215 3390 396 3480 Polyxena,
423 3391 575 3457 Hectoris
595 3412 703 3470 soror,
731 3391 763 3458 in
785 3402 874 3458 turre
893 3403 998 3471 stans,
1027 3390 1160 3458 armillas
1182 3403 1215 3458 et

77 3478 213 3543 inaures
236 3476 305 3557 illo,
336 3498 400 3566 quo
433 3476 538 3542 fratris
559 3474 752 3563 pensabatur
784 3498 925 3566 corpus,
946 3474 1087 3565 projecit.
1141 3478 1214 3551 Qua

79 3564 162 3636 visa,
184 3562 336 3638 Achilles,
356 3562 383 3627 si
404 3560 462 3626 sibi
486 3560 632 3635 daretur,
655 3560 813 3650 promisit,
834 3575 870 3628 ut
887 3563 1082 3629 Hectoreum
1098 3584 1213 3649 corpus

79 3648 248 3721 redderet,
279 3661 312 3715 et
339 3647 497 3734 'Projanos
529 3647 777 3726 cumGraecis,
806 3646 930 3713 reddita
952 3660 1057 3714 tamen
1079 3648 1255 3729 Helenam

79 3735 272 3835 pacificaret.
314 3731 421 3806 Quum
433 3731 565 3809 autem,
592 3733 745 3818 promissa
766 3733 824 3799 sibi
844 3757 863 3799 a
881 3733 1029 3820 Trojanis
1042 3733 1214 3824 Polyxena,

80 3841 111 3884 ιιι
139 3817 290 3906 templum
319 3815 372 3883 'ra
398 3817 517 3882 mbraei
542 3817 689 3902 Apollinis
727 3817 768 3884 ad
803 3817 992 3885 firmandum
1022 3819 1134 3886 foedus
1162 3844 1213 3885 ve-

80 3903 194 3983 nisset,
221 3901 341 3969 insidiis
372 3842 519 3976 Paridis,
549 3914 624 3988 post
642 3903 843 3971 simulacrum
864 3904 1004 3981 latentis,
1032 3904 1126 3972 missa
1150 3905 1218 3978 vul-4
1245 3956 1259 3978 ‚.

80 4001 210 4058 neratus
228 4013 263 4053 sa
290 3988 363 4066 itta,
383 3988 526 4064 moritur,
547 3999 621 4057 ante
642 3990 762 4055 obitum
784 4001 891 4056 tamen
910 4002 1042 4078 petens,
1058 4004 1094 4058 ut
1115 3992 1214 4057 evicta

80 4074 197 4166 Troia,
223 4010 386 4161 Polyxena
403 4071 444 4140 ad
466 4070 642 4159 sepulcrum
665 4075 732 4162 ejus
752 4073 982 4158 immolaretur3
1012 4075 1100 4165 quod
1120 4078 1255 4145 etiaurto

80 4177 192 4247 posta
213 4158 356 4248 Pyrrho,
377 4159 444 4247 ejus
465 4157 547 4239 filio,
566 4157 726 4246 impletum
748 4172 806 4228 est

203 4378 300 4453 206.
345 4381 631 4480 Explanatio
663 4379 858 4479 ejusdem
890 4379 1087 4457 l'ab'olae.

164 4506 337 4575 'l'lvetidem
356 4507 419 4575 dici
442 4508 608 4577 voluerunt
628 4525 760 4596 aquam;
790 4506 878 4572 unda
907 4521 941 4575 et
961 4508 1109 4597 Nympha
1132 4508 1214 4576 diota

84 4606 140 4662 est
190 4594 298 4670 Quam
324 4614 422 4681 quom
449 4594 595 4684 luppiter
620 4613 754 4667 uxorem
774 4590 894 4660 ducere
912 4592 1019 4675 vellet,
1050 4595 1122 4663 satis
1142 4618 1215 4683 pro-
