2692 4762
123 266 157 320 vr
536 261 829 347 aneon-utun.

120 438 363 537 perlustranti,
408 447 478 508 tres
512 433 571 506 alii
601 435 733 532 antiqui
766 430 1013 533 mpthographi
1045 433 1253 535 deprehensi

120 550 222 629 sunt,
257 563 345 636 quos
365 538 445 635 quia
466 538 549 608 satis
574 534 684 633 bonos
709 545 743 608 et
765 534 919 608 eruditos
941 534 1121 629 videbam,
1155 542 1253 639 typis

120 638 298 739 divulgare
319 639 466 711 decrevi.
520 638 661 709 Primus
678 633 952 735 mythographus
971 638 1009 709 in
1024 664 1096 712 nno
1116 650 1254 714 tantum

119 741 312 815 Svecorum
344 740 426 813 olim
458 740 634 837 Reginae,
676 762 770 809 nunc
803 741 984 833 vaticano,
1024 739 1147 814 codiee
1179 752 1249 833 eet,

118 841 339 915 membraneo
380 851 576 938 pervetere,
628 836 727 937 cnjus
764 840 905 938 scriptio
944 838 989 912 ad
1023 840 1065 914 X
1099 841 1158 916 vel
1190 842 1253 918 XI

120 940 254 1016 Christi
281 942 455 1016 saeculum
484 939 664 1014 referenda
689 939 838 1012 videtur.
900 940 1086 1017 Secundus
1110 942 1251 1044 mytho-

118 1043 273 1143 graphas
302 1047 338 1116 in
370 1043 489 1117 eodem
522 1042 640 1115 codiee
665 1041 823 1140 Reginae
855 1053 909 1115 est
941 1039 1037 1143 (nam
1066 1042 1110 1116 de
1138 1045 1250 1122 altero

118 1146 303 1244 exemplari
323 1145 412 1217 iulia
432 1142 584 1244 loquar),
613 1168 719 1214 manu
733 1155 847 1215 tanam
869 1145 1057 1243 posteriore
1071 1158 1245 1243 exaratus,

118 1246 166 1318 ita
191 1245 327 1344 atejus
353 1248 525 1343 scripturn
549 1245 718 1318 recentior
745 1271 816 1318 uno
845 1245 985 1320 saeculo
1013 1273 1116 1345 quam
1143 1249 1248 1347 prinn‘

118 1346 288 1420 credenda
312 1350 368 1420 sit.
421 1349 561 1420 Tertius
584 1344 859 1446 mpthographus
885 1372 929 1419 ex
950 1347 1069 1423 codice
1088 1350 1247 1425 vaticano

118 1447 233 1547 prodit
263 1448 501 1543 membraneo,
544 1447 672 1522 saeculi
699 1459 739 1519 ut
763 1458 849 1546 puto
877 1448 977 1544 ΧΠ,
1016 1451 1073 1523 eui
1097 1448 1245 1525 Fulvius

116 1549 267 1623 Ursinus
293 1551 465 1651 quondam
493 1549 651 1624 dominus
677 1548 768 1621 hanc
795 1549 1018 1649 epigraphem
1050 1576 1114 1625 sua
1139 1576 1245 1627 mann

116 1650 221 1724 l'ecit:
268 1653 483 1728 lneertns
524 1651 576 1726 de
618 1651 706 1724 diis
749 1653 965 1750 gentium.
1034 1648 1240 1727 hiel-'‘Ure.

117 1751 216 1826 Idem
247 1765 360 1828 tamen
391 1756 428 1827 in
459 1754 528 1827 alio
557 1755 657 1827 etiam
690 1751 912 1828 membraneo
937 1754 1093 1855 Reginae
1124 1752 1242 1831 codiee

116 1857 281 1949 occurrit,
304 1856 366 1929 sed
381 1855 517 1927 duobus
533 1854 640 1926 ferme
654 1853 800 1927 saeculis
819 1857 1022 1951 recentiore,
1044 1855 1105 1955 qni
1119 1851 1241 1930 Athri-

117 1982 196 2029 eum
228 1982 367 2056 quoque
401 1959 574 2050 continet,
622 1966 658 2029 et
690 1958 840 2029 vaticani
876 1958 1007 2031 codicis
1041 1956 1242 2033 uectatihue

115 2056 223 2151 xlv,
258 2061 415 2156 quintam
441 2058 611 2137 decimum
641 2056 736 2131 addit
761 2057 804 2131 de
829 2059 961 2133 zodiaci
983 2060 1110 2159 signis:
1139 2083 1242 2157 mem

114 2170 295 2232 tractatum
316 2159 468 2260 ejusdem
491 2186 567 2234 esse
589 2162 758 2249 auctoris,
786 2158 845 2232 hie
863 2186 947 2234 sane
969 2158 1088 2234 suadet
1108 2160 1238 2253 codex,

116 2258 180 2334 sed
214 2260 308 2334 haud
339 2265 412 2336 scio
447 2288 491 2335 an
525 2274 629 2363 neget
663 2263 765 2362 paulo
799 2263 963 2337 incultius
994 2262 1138 2337 sortasse
1170 2260 1239 2335 stili

114 2388 237 2463 genus.
300 2365 438 2438 Rursus
466 2366 602 2438 tertium
627 2363 919 2465 mp'thographum
943 2365 1055 2464 reperi
1078 2365 1177 2436 etiam
1200 2365 1238 2436 in

115 2464 266 2562 palatino
295 2466 498 2560 chartaceo,
535 2465 595 2539 nbi
622 2477 735 2540 tamen
762 2465 975 2539 desideratur
1002 2475 1165 2538 uectatus
1194 2461 1237 2537 de

113 2566 282 2659 Pallade,
320 2569 445 2642 nedum
472 2582 666 2669 postremus
693 2569 736 2641 de
767 2568 920 2642 zodiaco.
980 2568 1141 2665 lienique
1163 2591 1237 2665 mp-

114 2666 299 2769 tlaograplri
327 2674 417 2744 tertii
443 2670 705 2770 compendium,
741 2672 826 2769 ipsis
854 2667 1078 2770 protographi
1100 2668 1237 2741 retentis

113 2768 250 2862 verbis,
288 2773 325 2845 in
358 2774 517 2848 vaticano
546 2772 696 2872 quodam
723 2771 943 2845 membraneo
974 2794 1117 2871 maguae
1139 2766 1237 2842 molis

112 2870 334 2947 historiarum
359 2877 531 2948 variarum
556 2875 676 2948 codice
702 2876 937 2950 continetur.’'

187 2974 239 3045 ll.
284 2977 461 3050 “Primus
495 2976 767 3078 mpthographus
802 2978 944 3076 quinam
980 2975 1085 3048 homo
1120 2971 1233 3063 fuerit,

112 3074 291 3148 manifeste
321 3076 406 3151 elicit
434 3078 620 3179 epigraphe
648 3079 802 3153 seeundo
830 3077 919 3152 libro
945 3078 983 3150 in
1010 3075 1129 3149 codice
1155 3071 1235 3146 suh·

105 3171 222 3274 jecta:
256 3178 416 3251 Exrarcrr
445 3180 551 3253 Lunna
576 3182 748 3255 Saevnnts
786 3180 845 3255 ·C·
867 3181 996 3252 Ruom
1025 3178 1232 3250 Parnassum.

113 3274 232 3373 Atque
252 3276 337 3353 laneo
362 3282 560 3381 inscriptio,
589 3296 627 3355 ut
646 3282 877 3357 tabulatorum
896 3307 992 3355 more
1006 3278 1081 3378 jam
1100 3277 1232 3375 loquar,

114 3375 304 3452 diseonline
335 3379 443 3455 veluti
473 3410 613 3483 pomum
644 3397 697 3459 est
726 3385 820 3484 quod
851 3388 889 3459 iu
915 3382 1125 3457 eruditorum
1154 3402 1234 3450 con·

111 3504 247 3551 sensatur
282 3479 435 3579 jacitur,
482 3496 519 3557 nt
557 3485 637 3559 inde
672 3487 824 3581 bellum,
870 3489 901 3559 si
938 3511 1008 3557 uon
1042 3491 1232 3571 cruentam,

111 3578 312 3653 diuturrnun
351 3598 443 3658 certe
481 3585 645 3687 dubiique
685 3592 798 3662 exitus
832 3586 1048 3661 eventiletur.
1118 3580 1235 3672 Quum

111 3681 204 3753 catina
222 3682 402 3781 llpginuau
425 3688 608 3784 quemdam
628 3692 665 3761 in
686 3692 860 3789 impressis
879 3687 977 3762 libris
990 3682 1125 3786 jamdiu
1143 3680 1233 3779 lega·

111 3806 212 3867 naus,
244 3784 305 3881 qui
330 3810 350 3855 a
374 3789 531 3863 vaticano
556 3804 676 3865 nostro
700 3804 792 3866 totus
813 3790 975 3882 dissidet,
1006 3800 1083 3860 uter
1101 3781 1234 3881 Hygini

112 3908 236 3955 troarnen
267 3886 383 3956 veriats
411 3904 577 3989 occupet,
614 3892 706 3967 haud
740 3896 910 3967 immerito
937 3903 977 3963 nt
1009 3900 1093 3988 puto
1120 3885 1233 3981 dispu-

112 3980 251 4057 tabitur.
308 3986 431 4061 Varias
456 4018 562 4091 supter
582 3993 673 4069 edito
694 3996 841 4097 llpgino
860 3996 1040 4070 doctorum
1062 3988 1234 4062 hominnm
1274 4022 1282 4043 ·

110 4086 306 4191 seleutias·
324 4100 428 4192 ateriae
457 4097 671 4193 quaestiones
706 4100 765 4172 rix
797 4122 988 4173 mumorm
1020 4092 1145 4166 nedum
1181 4110 1233 4157 rs·

112 4212 252 4263 cerame
287 4186 298 4233 ¹
474 4196 543 4269 nisi
574 4200 654 4295 queis
688 4226 796 4301 prope
830 4200 986 4274 infinitus
1018 4220 1095 4271 esse
1123 4187 1230 4262 volet:

111 4314 220 4391 «puato
489 4292 500 4373 1
543 4298 789 4400 amplissimam
830 4298 1014 4381 Sarmat
1056 4294 1232 4372 editionem
