2640 5130
38 697 43 708 .
160 634 240 715 rsa
408 637 589 740 uynsgs.
617 636 689 710 ιιι.
742 634 782 709 a.
835 635 1040 715 as··-·as.
1066 700 1086 723 ,.

159 823 271 894 ordino
290 822 421 902 dieitur,
473 819 537 886 nod
560 820 672 887 nuliam
693 819 883 891 obserrsus'
959 823 1084 907 'tatem
1112 823 1185 893 nulii
1204 846 1277 915 per-

159 932 234 980 oens
255 910 365 988 aetati,
385 843 601 974 taurinenses
621 907 725 973 omnia
745 907 786 974 ud
807 931 844 975 se
863 920 911 976 tra
934 912 965 979 it.
1236 918 1240 927 '

238 994 293 1081 ῆι
332 993 386 1061 De
402 991 535 1080 genuinis
550 992 740 1058 somniorum
758 995 867 1080 portis,
886 994 984 1064 attera
1003 1015 1157 1099 verorum,
1176 993 1275 1064 attero

158 1079 325 1157 taborum,
355 1101 433 1167 quas
464 1075 551 1164 apud
579 1076 696 1142 interos
725 1079 957 1160 constituimus,
983 1079 1175 1183 phiiosop'bra
1194 1080 1275 1148 bnee

130 1166 261 1234 ⁶hubet.
302 1164 368 1230 Per
389 1174 529 1250 portum,
555 1160 669 1248 inquit,
697 1184 845 1230 corneam
865 1164 947 1231 oonb
967 1165 1199 1252 arguitioeumr,
1220 1167 1273 1254 qni

154 1263 188 1318 et
217 1248 323 1317 cornei
352 1260 426 1316 sunt
455 1245 569 1313 coloris
596 1258 629 1312 et
656 1247 770 1313 ceteris
795 1250 941 1316 membris
960 1247 1123 1327 duriores3
1155 1250 1209 1338 qui
1253 1273 1272 1318 e

29 1372 34 1381 ·
153 1336 207 1423 qui
225 1358 285 1401 neo
305 1332 409 1419 trigus
427 1332 581 1409 sentiunt,
600 1331 683 1396 sieut
703 1333 819 1398 Oioero
840 1333 871 1399 in
890 1334 969 1400 tibro
989 1334 1031 1401 de
1049 1332 1190 1400 Deordm
1238 1358 1272 1403 a·

153 1431 225 1487 turs
251 1429 394 1488 testatur.
447 1417 513 1482 Per
546 1416 717 1482 eburneam
750 1438 824 1484 vero
856 1432 979 1506 portam
1011 1443 1048 1484 os
1078 1421 1271 1571 sipnifioatur

153 1526 227 1571 cum
247 1502 405 1572 dentibus.
432 1501 557 1568 Scimus
578 1511 694 1579 autern,
713 1501 799 1588 quod
821 1525 904 1591 quae
922 1503 1085 1593 loquimur,
1118 1507 1184 1571 aba
1200 1528 1270 1572 esse

112 1601 300 1678 topossnnt,
330 1609 369 1654 ea
396 1608 470 1651 vero
490 1607 574 1674 quae
594 1583 750 1665 ridemus,
778 1588 912 1655 maxime
930 1612 1004 1657 vera
1024 1599 1105 1657 sunt.
1145 1589 1269 1658 ideireo

151 1680 293 1756 Aeneas,
320 1673 373 1761 qui
400 1670 526 1760 poetice
551 1681 585 1736 et
604 1671 635 1737 iu
656 1670 810 1738 internum
831 1673 1024 1742 intromissus
1046 1687 1112 1753 est,
1141 1685 1175 1743 et
1196 1675 1269 1742 inde

149 1758 300 1838 emissus,
332 1779 391 1847 per
417 1757 588 1823 eburneam
616 1767 739 1844 portam
765 1778 914 1859 egressus
939 1771 996 1841 est.
1037 1759 1097 1826 nst
1121 1770 1154 1826 et
1169 1759 1268 1842 'nbud,

149 1843 238 1933 quod
256 1844 332 1910 inde
352 1842 492 1910 sumitur.
534 1842 697 1908 Somnium
725 1863 864 1912 norimus
888 1866 960 1910 curn
983 1865 1080 1910 eornn
1101 1843 1205 1931 pingi;
1233 1857 1267 1914 et

148 1931 203 2018 qui
232 1929 275 1995 de
301 1927 429 1997 somniis
454 1927 515 1994 sori
554 1948 627 2007 ere,
661 1948 700 1991 ea
732 1948 815 2014 qnae
848 1927 1020 1995 seeundum
1050 1930 1206 1996 fortunam
1233 1941 1267 1996 et

107 2028 143 2078 lo
171 2038 207 2082 er
224 2014 457 2104 possibilitatem
478 2013 504 2077 ri
529 2024 637 2090 entur,
654 2012 804 2078 effectum
821 2015 1003 2102 saepissime
1021 2013 1139 2080 babere
1149 2013 1265 2084 dieunt.

146 2038 193 2168 bt
213 2099 310 2182 baeo,
344 2098 446 2189 sjunt,
474 2097 538 2162 viss
557 2108 630 2162 sunt
651 2117 768 2176 oornu3
802 2096 887 2164 unde
905 2121 1049 2167 verorurn
1069 2120 1187 2165 eornea
1207 2101 1264 2166 fin·

146 2185 234 2272 gitur
252 2196 344 2274 ports
364 2181 563 2250 somniumne
604 2180 655 2247 Eo
674 2202 765 2259 sero,
792 2204 877 2269 quae
903 2197 975 2252 sunt
995 2205 1089 2274 supra
1106 2185 1263 2261 fortunam
1289 2242 1294 2251 .

146 2284 180 2337 et
207 2271 333 2336 nimium
362 2279 506 2335 ornatum
531 2265 711 2354 variamque
730 2265 847 2333 habent
869 2267 1063 2356 jactantiam,
1095 2268 1172 2337 tabu
1193 2292 1264 2338 esso

146 2355 340 2422 confirment
395 2351 491 2420 Unde
516 2353 655 2417 eburnea
678 2351 767 2439 qnasi
786 2353 926 2420 ornatior
948 2367 1038 2444 porta
1058 2352 1142 2421 falsis
1161 2354 1262 2424 datur.

101 2438 341 2529 aoPorphyrius
359 2450 463 2523 tamen
484 2458 594 2504 earum
609 2434 855 2525 descriptionem
919 2450 1054 2518 rtarom,
1074 2450 1110 2506 ut
1129 2441 1174 2507 ait
1193 2440 1271 2506 Ma·-

143 2525 280 2600 orobius,
296 2526 337 2590 ab
355 2526 499 2590 Homero
519 2520 666 2590 traditam
688 2521 778 2587 tatius
799 2533 833 2589 et
883 2535 941 2590 tter
959 2525 1131 2612 exequitur.
1165 2523 1261 2594 Latet

141 2608 242 2689 enim,
270 2609 386 2698 inquit,
418 2630 512 2673 omne
533 2627 658 2686 rerurn;
686 2605 744 2672 sed
765 2617 870 2672 tumen
892 2609 993 2675 anima
1012 2630 1108 2696 quum
1129 2610 1169 2675 ob
1190 2609 1260 2675 offi-

142 2693 198 2760 ciis
220 2695 362 2782 eorporis
382 2716 492 2760 somno
514 2691 582 2779 ejus
602 2690 761 2780 paulutum
775 2690 871 2758 iibere
891 2704 948 2769 est,
970 2692 1126 2760 interdum
1139 2696 1259 2783 aspioit,

140 2778 297 2846 interdurn
316 2779 447 2846 intendit
467 2777 584 2854 aciem,
606 2799 667 2844 neo
687 2788 791 2843 tamen
811 2777 966 2863 perridet;
985 2791 1018 2844 et
1028 2801 1125 2866 quum
1138 2780 1256 2868 aspicit.

97 2882 202 2934 aunon
223 2875 327 2951 tamen
348 2864 446 2932 libero
470 2874 502 2930 et
523 2860 645 2928 dirooto
665 2860 778 2926 iumine
800 2859 892 2938 ridet,
917 2861 974 2928 sed
994 2862 1156 2930 inter'ooto
1179 2863 1257 2930 reia·

137 2947 353 3102 fm'vf'uii
373 2970 471 3015 nexus
491 2958 622 3098 naturpe
642 2945 805 3097 ppligantis
826 2945 965 3014 obduxit
1004 2946 1049 3016 Et
1068 2888 1135 3015 boe
1154 2951 1185 3015 in
1203 2970 1257 3016 ns·

152 3055 210 3101 ura
259 3058 286 3100 rr
312 3056 379 3102 rrus
397 3057 468 3101 esse
489 3053 586 3100 ossen
669 3053 772 3098 roens:

151 3172 153 3178 Α
218 3058 366 3207 Aspera
399 3139 547 3206 nomque
573 3080 721 3190 arianam,
752 3139 840 3205 quoe
864 3138 956 3180 nnuc
977 3112 1123 3182 obducto
1145 3118 1258 3185 tuenti

219 3204 389 3270 Mortales
407 3200 542 3268 hebetat
561 3199 657 3266 visus
679 3198 761 3279 siti,
791 3212 826 3266 et
845 3199 988 3266 humida
1008 3201 1140 3268 circum

94 3306 132 3358 to
221 3287 383 3376 caligas,
411 3284 534 3352 nubem
556 3283 705 3372 eripiam
733 3317 842 3332 -—··

132 3371 210 3438 Hoo
237 3371 376 3439 velamen
404 3392 500 3460 quom
524 3371 555 3437 in
599 3369 683 3436 uiete
701 3391 805 3459 nsque
824 3367 866 3435 sd
886 3389 993 3435 rerum
1014 3367 1115 3437 aoienr
1133 3367 1256 3436 animno

131 3455 372 3546 introspioiantis
393 3456 543 3536 admittit,
574 3392 617 3520 ds
645 3476 745 3521 cornu
766 3453 923 3534 ereditur,
952 3453 1042 3543 nujus
1062 3454 1122 3521 ista
1142 3465 1254 3520 natura

132 3553 199 3620 est,
237 3555 272 3610 ut
305 3553 466 3610 tenuatum
499 3540 576 3607 risui
609 3539 665 3606 fiat
691 3541 840 3628 pervium.
881 3539 986 3613 Quum
1014 3550 1118 3607 autem
1140 3559 1253 3606 arero

131 3624 262 3694 habetat
289 3651 329 3694 uu
358 3626 478 3715 repellit
500 3625 661 3706 intuitum,
688 3626 767 3690 ebur
783 3635 932 3728 putatur,
962 3623 1052 3711 eujus
1072 3644 1188 3712 eorpus
1207 3623 1252 3689 ita

89 3707 264 3780 ssdensum
297 3720 344 3779 est
373 3724 503 3791 natura,
534 3721 572 3777 nt
599 3708 641 3776 ad
671 3733 810 3799 quumrrs
838 3708 1066 3776 extremitatem
1085 3707 1251 3785 tenuitatis
1302 3741 1306 3745 ’

130 3817 273 3873 erasum,
295 3793 376 3861 nulio
398 3797 463 3863 risu
484 3793 526 3862 sd
543 3795 697 3862 interiora·
710 3793 875 3875 tendente,
903 3805 1093 3883 penetretur.
1124 3795 1252 3864 Nubem

130 3890 236 3947 autem
264 3879 345 3945 iiiam
374 3881 503 3948 Servius
530 3880 674 3961 nebulam
702 3879 744 3945 de
766 3881 858 3947 terris
879 3892 999 3957 ortum,
1029 3900 1110 3966 quae
1136 3879 1251 3946 uostris

128 3965 212 4032 obsit
228 3965 406 4045 obtutibus,
427 3964 572 4114 reiiospuit
588 3964 726 4068 intelligi.
767 3964 879 4067 Unde,
897 3965 1014 4052 inquit,
1035 3963 1155 4067 aquiiis,
1178 3963 1251 4051 qnia

87 4048 1251 4224 ..ttttt‘t‘ttt.:tutta.{¹t⁶.‘·..i‘.’.t;¹t..'tt?.:tbitbttti‘t

130 4219 203 4287 solia
224 4219 266 4286 de
287 4220 453 4287 arboribus
476 4219 610 4299 eadunt,
641 4243 720 4287 rann
741 4241 811 4285 esse
832 4221 954 4285 somnia
974 4217 1126 4287 dixerunt

210 4307 261 4372 25.
304 4305 435 4371 Somnia
455 4317 488 4373 et
499 4306 665 4396 Soporem,
686 4303 807 4371 Bellum
827 4313 862 4370 et
876 4305 1048 4382 utmorem,
1067 4305 1203 4370 Lnotnrn
1218 4309 1251 4368 et

127 4389 330 4476 Egestutem,
351 4403 522 4477 oeteruqus
547 4389 673 4466 similis,
703 4389 820 4456 aditum
842 4387 952 4457 dieunt
970 4391 1113 4456 obtinere
1132 4388 1249 4454 intero-

125 4495 213 4556 rum;
245 4474 332 4566 quod
352 4474 437 4541 bueo
453 4487 510 4543 aut
530 4474 621 4542 morti
642 4474 741 4542 vision
761 4473 922 4555 ridentur,
950 4488 1005 4541 unt
1025 4487 1097 4565 post
1116 4485 1248 4542 mortem

83 4574 292 4644 «noscantur,
325 4559 439 4629 autin
469 4572 572 4628 morte
599 4572 682 4627 runt.
723 4559 769 4627 Et
796 4559 909 4625 merito
937 4559 1022 4648 apud
1049 4560 1165 4631 interos
1188 4561 1247 4625 istu

126 4667 197 4714 esse
212 4647 392 4737 finguntur,
411 4644 484 4736 qnia
503 4645 537 4712 in
559 4667 652 4734 quem
671 4644 733 4711 ists
754 4641 881 4724 eadunt,
900 4645 940 4712 sit
962 4646 1100 4713 mortuiis
1118 4664 1247 4712 neeesse
