2640 5130
347 612 526 716 Mpdrogr.
552 614 622 688 111.
677 613 718 688 4.
772 613 914 689 tt-u.
1010 590 1021 599 Ἰ
1119 616 1235 692 167’

72 799 224 890 Pingitur
252 798 363 879 etiam,
401 797 486 887 quod
539 798 687 868 raeeedat
715 800 802 866 Juno
828 800 983 867 Venerem
1012 801 1044 865 in
1072 802 1197 889 nuptiis,

72 889 147 976 qnia
168 899 243 954 ante
264 896 313 952 est
331 885 465 953 Junonia
487 822 630 961 ollioium
649 887 682 951 in
702 885 917 966 matrimonio,
946 896 1020 972 post
1047 886 1081 952 in
1111 888 1197 956 eoitu

72 995 149 1041 usas
170 992 332 1039 venereus.
987 998 991 1007 ·

154 1057 186 1124 5.
228 1057 339 1133 Haeo,
365 1067 401 1124 ut
429 1054 473 1128 ait
497 1051 707 1140 Fulgentius,
736 1049 810 1120 ideo
837 1055 870 1122 in
893 1053 1033 1121 Aeneide
1054 1054 1193 1134 Aeolum,

71 1163 187 1229 regem
227 1151 390 1207 ventorum
423 1139 519 1228 petit,
564 1150 601 1206 ut
632 1136 780 1227 'l'rojanis
810 1139 1010 1227 naufragium
1029 1140 1216 1228 importata

71 1228 166 1316 eique
190 1224 354 1314 Deiopeae
382 1224 565 1314 conjugium
592 1222 745 1312 spondet,
784 1224 856 1326 quia
888 1225 1091 1312 naufragium
1119 1225 1193 1293 illud

70 1313 101 1377 in
132 1309 264 1377 modurn
284 1309 412 1412 ponitur
431 1308 630 1398 periculosae
650 1309 833 1390 nativitem,
866 1309 898 1378 in
926 1334 990 1400 qua
1018 1321 1050 1377 et
1077 1321 1194 1378 mater-

71 1418 149 1462 num
165 1411 216 1464 est
227 1392 368 1484 pariendi
385 1393 600 1483 dispendium,
621 1406 654 1463 et
672 1393 825 1469 inlautum
846 1396 994 1463 nasoendi
1013 1394 1193 1483 perieulum.

71 1479 170 1555 Quod
196 1491 232 1548 ut
258 1480 418 1547 evidenter
445 1478 618 1566 intelligas,
653 1480 818 1552 alunoue
846 1481 973 1568 quidem
1000 1491 1049 1548 est
1072 1491 1191 1568 partus,

71 1565 131 1632 sed
152 1564 196 1633 ad
218 1565 418 1652 naufragium
437 1577 619 1652 generatur.
650 1563 732 1630 Nam
754 1565 883 1631 Aeolum
903 1565 1047 1641 immittit
1075 1564 1235 1634 Aeoluslo

70 1662 180 1718 autem
207 1651 298 1738 quasi
324 1644 491 1726 Αἰωνελός
518 1647 648 1713 saecoli
674 1648 838 1714 interitus
873 1651 1103 1739 interpretatur.
1152 1652 1190 1718 In
1296 1664 1298 1668 '

70 1736 132 1802 bae
151 1736 235 1803 enim
255 1735 445 1803 necessitate
466 1733 677 1800 universaliter
698 1734 866 1801 humanum
889 1757 993 1823 genus
1013 1736 1188 1810 involvitur.

70 1820 219 1919 Denique
246 1833 279 1888 et
307 1820 404 1887 Aeolo
430 1819 608 1906 Deiopeam
634 1819 806 1904 promittit;
838 1819 943 1906 δῆμος
961 1822 1044 1887 euim
1063 1824 1191 1888 Graece

68 1903 265 1992 publicum,
286 1900 361 1992 eins}
381 1925 455 1971 vero
475 1903 593 1968 nonina
618 1902 665 1968 rel
685 1902 772 1967 visio
793 1903 913 1970 dieitur.
944 1905 1036 1994 Ergo
1059 1928 1190 1973 nascen-

71 1990 155 2057 tibus
183 1990 216 2058 iu
237 1989 355 2057 mundo
381 1988 543 2057 saeculare
563 1997 613 2054 est
632 1986 782 2054 nascendi
804 1988 993 2075 perieulnm3
1026 1990 1114 2080 eujus
1143 2004 1233 2061 tnta

71 2096 142 2140 men
171 2074 338 2144 nativitatis
367 2071 553 2163 perfectioni
583 2072 708 2160 publiea
734 2095 754 2138 a
783 2075 844 2139 dea
872 2087 981 2160 partus
1003 2076 1193 2164 promittitur

72 2159 158 2226 risio.
198 2160 357 2228 Juoonern
383 2160 577 2233 nihilominus
602 2155 776 2225 divitiarum
809 2180 936 2246 quoque
961 2173 1106 2228 asserunt
1134 2161 1193 2225 do-

72 2245 206 2328 minam3
233 2244 319 2312 unde
347 2257 470 2312 etcum
496 2253 623 2347 seeptro
645 2265 715 2310 mm
735 2242 928 2330 depingunt,
950 2245 1046 2334 ,quod
1067 2244 1192 2315 divitiae

72 2330 181 2417 regnis
202 2330 265 2398 sint
284 2331 454 2433 proximae
495 2330 559 2404 Qui
578 2328 660 2394 euim
681 2327 793 2394 divitiis
815 2328 975 2411 abundat,
1007 2330 1192 2398 facilius'nd

71 2436 208 2517 regnum
228 2428 353 2504 aspirat
385 2414 464 2482 Idan
486 2436 556 2481 eam
575 2413 680 2501 eapite
699 2413 802 2483 relato
845 2427 953 2496 onuot,
973 2415 1061 2518 quod
1080 2437 1232 2498 omnesao

73 2497 199 2568 dintiee
227 2499 413 2588 plerumque
440 2511 513 2567 sunt
541 2497 756 2566 absconditae.
810 2438 913 2567 licam
950 2511 1045 2567 euam
1079 2512 1190 2588 partus

72 2585 179 2652 rolant
209 2607 305 2667 earn,
328 2586 402 2674 quia
423 2584 546 2653 divitiae
566 2584 654 2671 quasi
674 2599 888 2671 praegnantes
913 2596 996 2651 aunt
1038 2585 1122 2652 Nam
1143 2585 1190 2650 di-

73 2671 150 2738 ritiis
180 2691 282 2737 norae
306 2692 432 2758 semper
458 2669 584 2736 divitiae
613 2682 815 2756 generantur.
858 2667 926 2736 Sed
955 2682 988 2738 et
1014 2669 1105 2758 ipsae
1125 2671 1190 2759 ple-

75 2775 210 2857 rumque
232 2757 408 2834 abortiunt,
430 2754 582 2842 simulque
602 2776 670 2820 sors
696 2765 729 2820 et
748 2753 836 2820 luera
858 2753 1042 2842 depereunt
1085 2757 1190 2823 Paro-

73 2861 143 2906 nem
157 2863 189 2906 nn
202 2863 260 2908 sua
272 2841 367 2907 habet
379 2840 492 2918 tutela,
513 2840 585 2927 quia
599 2837 727 2905 divitum
741 2838 802 2904 vita
820 2852 987 2907 ornatuum
997 2863 1122 2929 semper
1134 2862 1232 2930 ap-ae

73 2938 182 3012 petens
211 2937 270 2993 est·
311 2926 355 2993 Et
373 2926 455 2994 siout
474 2947 554 3014 paro
575 2923 731 2991 stellatum
749 2920 872 2990 caudae
887 2947 1054 2991 curvamen
1072 2948 1192 2992 oouoa-

73 3033 147 3077 rans
169 3010 328 3078 anteriora
349 3024 455 3092 ornat,
483 3009 659 3095 posteriora
686 3029 760 3073 vero
782 3009 914 3096 turpiter
935 3011 1050 3090 nudat,
1077 3012 1121 3078 ita
1144 3010 1191 3076 di-

73 3095 164 3162 ritiae
192 3110 226 3163 et
253 3094 353 3182 gloria
381 3095 550 3161 saecularis
574 3092 802 3160 momentaliter
824 3092 951 3179 quidem
972 3108 1103 3175 ornant,
1134 3118 1191 3183 po·

64 3170 190 3248 'suenio
218 3203 291 3245 reno
319 3201 399 3267 quos
430 3189 618 3246 ornaverant
644 3177 745 3244 nudos
775 3178 960 3269 relinquunt
1003 3179 1098 3245 Unde
1147 3181 1192 3245 ui-

73 3265 162 3345 dam,
182 3265 335 3351 reliqua,
357 3266 419 3338 ait,
438 3264 627 3330 considero.
670 3263 715 3332 Et
734 3262 900 3331 Salomon:
942 3264 986 3329 In
1016 3261 1111 3329 obitu
1123 3204 1234 3338 leo-an

74 3350 180 3415 minis
204 3349 350 3425 nudatio
370 3371 511 3435 operum
529 3348 614 3434 ejus.

155 3435 187 3500 6.
227 3432 308 3500 ldeo
331 3444 437 3500 autem
459 3433 531 3499 lrinr
554 3432 628 3498 hoio
648 3427 840 3532 adjungunt,
874 3432 949 3521 quia
968 3429 1049 3498 siout
1068 3428 1119 3497 illa
1140 3452 1192 3498 or-

73 3530 166 3589 natus
195 3519 297 3585 varios
329 3518 480 3606 pingens,
513 3515 741 3583 murnentalrter
767 3515 905 3602 refugit,
934 3516 1033 3584 itaet
1056 3515 1191 3596 fortuna,

73 3603 213 3693 quamvis
232 3602 445 3705 adpraesens
465 3614 593 3683 ornata,
612 3614 727 3670 ttamen
755 3612 804 3667 est
824 3600 965 3688 fugitiva.
1009 3603 1095 3668 Sane
1116 3602 1191 3668 lrim

72 3691 160 3779 quasi
181 3696 269 3775 ἔριν,
290 3686 325 3754 id
344 3700 393 3756 est
413 3699 584 3753 certamen
607 3684 743 3751 nonnulli
765 3684 880 3752 dietam
902 3685 1025 3762 volunt,
1054 3685 1233 3775 ideoqnesa

73 3798 143 3841 eam
163 3774 281 3841 Junoni
299 3773 378 3875 dant
398 3771 561 3874 famulam,
588 3770 674 3859 quod
705 3793 744 3871 px
770 3771 945 3872 divitiarum
975 3794 1096 3837 veneno
1119 3796 1191 3860 per-

72 3870 435 4013 ffibpeadoefflbliddiardt
452 3856 1091 4019 obenibtldldddabnrlunllludlouridbnieddtdd
1105 3855 1192 4009 qdblrl

73 4028 213 4097 cordiam
235 4030 427 4118 frequentius
451 4028 587 4095 mittitur.
628 4027 785 4104 lunonem
803 4027 896 4092 etiam
913 4025 1053 4114 plerique
1073 4049 1191 4114 regno-

71 4138 142 4182 rum
162 4114 257 4182 deam
276 4114 391 4182 rolant.
432 4111 530 4179 Unde
551 4125 583 4178 et
603 4110 685 4177 lianc
707 4109 843 4176 fabulam
866 4113 1059 4197 confingunt.
1101 4113 1233 4183 laiouun

73 4201 205 4267 lunonis
226 4198 407 4288 eonjugium
429 4198 534 4287 petiit3
560 4197 611 4262 illa
640 4198 755 4262 nubem
777 4196 808 4261 in
830 4197 967 4284 speeiem
989 4219 1077 4262 suam
1099 4220 1191 4262 orua-

75 4286 135 4367 rit,
164 4307 238 4353 oum
263 4306 328 4374 qun
355 4284 446 4351 [aion
475 4283 583 4349 eniens
611 4283 791 4348 Cerrtauros
818 4282 940 4365 genuit.
979 4282 1063 4347 tuno
1084 4282 1192 4367 igitur,

75 4384 110 4439 ut
131 4370 280 4449 diximus,
310 4368 373 4445 dea
393 4390 565 4456 regnorum
590 4379 656 4443 est:
685 4366 774 4433 laion
803 4365 940 4452 dignitas
960 4367 1193 4455 interpretatur.

75 4454 112 4522 lo
130 4456 192 4522 hae
215 4477 292 4521 uero
312 4457 374 4523 rita
397 4454 555 4543 quaelibet
574 4451 731 4539 dignitas,
751 4449 784 4516 id
804 4466 852 4518 est
865 4452 1076 4538 quantaelibet
1091 4452 1195 4540 digni-

77 4542 146 4608 tatis
167 4563 303 4628 persoua
323 4562 459 4627 regnum
479 4540 651 4617 affectans,
680 4538 796 4605 nobem
824 4548 945 4604 tantum
973 4551 1126 4616 meretur,
1163 4536 1237 4608 idus

79 4637 127 4696 ast
148 4626 313 4709 ‚horariam
339 4626 431 4714 regni
456 4624 694 4709 similitudinem.
744 4619 825 4703 lllud
861 4622 943 4689 enim
975 4645 1108 4709 regunm
1138 4638 1194 4699 est,
