2640 5130
168 587 246 660 aas
340 541 342 555 ¹
431 584 617 688 nnuma
645 584 697 658 11.
750 581 1005 660 arr-ars.

167 754 357 838 sacrificium
383 790 419 836 se
449 767 528 836 dare
557 766 749 847 debuere,
780 746 864 917 rmae
884 767 914 833 ei
934 786 1063 835 reverso
1082 767 1215 858 primurn
1237 792 1292 834 oc·

168 851 321 923 curreret.
344 854 347 863 '
373 855 518 942 Contigit
536 854 558 919 i
584 853 664 934 itur,
705 865 742 919 ut
774 854 856 919 liius
887 853 916 918 ei
944 866 1143 921 occurreret*
1187 854 1290 927 Quem

168 963 267 1029 quum
302 939 494 1007 immolasset
521 876 587 1021 ref,
624 949 661 1005 ut
688 938 737 1003 alii
768 937 893 1015 dicunt,
926 938 1089 1005 immolare
1123 939 1231 1012 vellet,
1270 963 1290 1002 a

170 1026 290 1093 civibus
310 1023 421 1128 pulsus
453 1047 470 1090 r
515 1046 575 1105 uo,
611 1023 814 1090 Sallentinum
844 1021 1012 1090 Calabriae
1039 1024 1288 1113 promontorium

143 1110 285 1194 etenuit,
307 1120 484 1201 Juxtaque
528 1107 669 1178 condidit
688 1109 854 1176 civitatem.

561 1274 652 1352 211.
704 1277 881 1353 Circe.

251 1407 347 1477 Circe
368 1407 431 1474 lilia
451 1405 533 1475 Solis
555 1405 633 1480 fuit.
667 1429 752 1496 quae
779 1404 821 1473 ad
850 1427 886 1472 se
912 1402 1031 1474 delatos
1057 1404 1089 1479 in
1112 1405 1194 1472 seras
1217 1428 1284 1471 rnu-

166 1493 266 1561 tabat·
319 1491 367 1560 sd
393 1494 476 1560 hanc
501 1495 584 1561 sorte
604 1489 713 1560 Ulixes
755 1502 807 1559 ost
826 1488 982 1565 devictam
1000 1490 1131 1578 'frojam
1151 1488 1285 1568 delatus,

135 1637 137 1640 ,
166 1575 385 1668 Eurylochum
415 1601 488 1645 cum
516 1577 626 1663 viginti
646 1586 688 1643 et
741 1578 845 1644 uobus
874 1575 967 1642 sociis
993 1575 1170 1668 praemisit,
1203 1599 1285 1663 quos

125 1675 242 1729 romox
270 1664 311 1729 ab
336 1663 475 1731 humana
500 1663 608 1750 specie
636 1661 789 1729 circeio
820 1661 902 1733 ieras
928 1661 1137 1728 commutarit.
1179 1649 1285 1749 Eury-

164 1747 276 1814 lochus
296 1748 371 1814 inde
391 1748 493 1836 fugit,
523 1760 557 1815 et
584 1746 668 1813 Ulisi
692 1746 851 1816 nuntiarit.
891 1745 955 1812 Cui
983 1744 1039 1811 soli
1060 1745 1100 1811 ad
1122 1769 1192 1812 eam
1213 1768 1286 1833 pro-

164 1832 318 1899 ficiscenti
338 1832 516 1901 Mercurius
532 1830 708 1898 remedium
728 1832 832 1910 dedit,
856 1841 890 1897 et
908 1830 1069 1918 quomodo
1091 1831 1208 1913 Circen
1229 1831 1286 1896 de-

87 1919 89 1923 ’
165 1918 303 2006 ciperet,
323 1919 516 1985 monstrarit.
558 1915 622 1993 Qui
637 1927 808 2068 postquam
827 1915 869 1981 ad
890 1937 961 1981 enm
983 1916 1081 1995 venit,
1106 1915 1221 2004 poculo
1244 1919 1285 1982 ab

164 2024 205 2069 ee
226 2013 359 2105 accepto
379 2002 530 2071 Mercurii
550 2024 637 2069 reme
658 2002 724 2069 ium
744 2001 886 2081 miscuit,
917 2001 1027 2068 stricto
1056 2023 1132 2067 ense
1151 2011 1284 2085 mortem

10 2176 12 2183 Ι
124 2087 197 2158 saei
216 2089 376 2165 minitans,
398 2088 428 2153 ni
450 2088 553 2156 socios
573 2087 632 2154 sibi
652 2088 849 2154 restimisset.
890 2084 987 2152 'lbrnc
1006 2086 1111 2160 Circe,
1134 2108 1197 2152 non
1218 2087 1286 2153 sine

169 2170 328 2239 voluntate
348 2171 481 2240 deorum
497 2172 531 2239 ld
545 2193 617 2239 esse
638 2171 774 2248 sactum,
795 2192 1010 2258 cognoscens,
1036 2170 1101 2237 fide
1120 2168 1211 2246 data,
1232 2195 1285 2238 so-

164 2257 231 2324 cios
250 2258 279 2324 ei
300 2258 451 2338 restituit,
483 2267 516 2323 et
534 2255 577 2323 llli
598 2257 739 2338 nubens,
766 2254 970 2343 Telegonum
991 2278 1032 2323 ea
1053 2279 1093 2322 eo
1114 2257 1236 2344 genrait.

246 2452 342 2531 212.
394 2457 726 2560 luter-pretatis
761 2459 958 2560 ejusdem
996 2458 1191 2569 fabiolae.

246 2584 343 2653 Circe
379 2605 505 2652 manua
541 2587 695 2674 operatio
730 2583 864 2665 dicitur,
905 2585 997 2674 quasi
1029 2587 1144 2689 papan
1175 2592 1197 2655 ἔ
1233 2612 1284 2655 on.

119 2665 326 2736 ”Laborem
353 2669 435 2735 euim
464 2694 615 2738 manuum
641 2670 804 2738 libidinosa
821 2667 933 2738 mulier
955 2691 1016 2739 uon
1039 2670 1149 2758 diligit.
1225 2694 1285 2737 ane

161 2753 271 2821 Ulixes
298 2754 456 2821 innocuus
483 2756 611 2836 transit,
642 2757 717 2846 quia
743 2755 896 2847 sapientia
922 2755 1080 2823 libidinem
1104 2757 1282 2822 contemnit.

60 2866 64 2873 ¹
160 2837 257 2904 Unde
283 2849 317 2906 et
343 2860 475 2905 uxorem
506 2842 625 2909 habere
657 2841 771 2909 dicitur
801 2841 984 2928 Penelopen
1014 2850 1154 2915 castam,
1195 2840 1282 2927 quod

161 2924 260 2989 omnis
281 2922 409 2991 castitas
429 2923 602 3014 sapientiae
622 2917 847 3015 conjungatur]
885 2928 981 2995 Circe
1000 2935 1107 2991 autem
1125 2924 1199 2990 ideo
1221 2925 1283 2992 So-

160 3007 198 3075 lis
220 3007 282 3074 lilia
301 3007 452 3095 lingitur,
472 3014 547 3097 quia
567 3012 640 3078 nibil
659 3025 708 3079 est
728 3011 795 3079 sole
815 3010 938 3079 clarius.
978 3009 1072 3075 Haec
1084 3009 1210 3075 libidine
1224 3033 1284 3076 sua

119 3103 196 3160 hbet
224 3092 439 3160 blandimentis
468 3094 608 3165 homines
635 3098 667 3164 in
696 3097 827 3164 lerinam
847 3097 942 3164 sitam
962 3095 1003 3160 ab
1024 3094 1160 3160 bumana
1181 3093 1283 3162 dedu·

160 3178 289 3329 pebat,s
305 3189 358 3330 pp!
370 3177 487 3246 libidini
510 3195 546 3252 et
572 3170 782 3275 voluptatibus
807 3203 939 3272 operam
957 3177 1090 3261 dareot;
1120 3176 1207 3248 unde
1235 3195 1284 3247 est

172 3285 250 3332 ocus
285 3285 305 3330 a
359 3284 407 3331 ae.

540 3425 633 3504 215.
686 3431 907 3505 Picus.

244 3550 345 3626 Picus
371 3557 565 3631 Pomonam,
599 3578 764 3644 pomorum
791 3555 901 3632 deam,
929 3556 1058 3636 amarit,
1091 3580 1227 3647 eamque
1252 3561 1284 3625 in

119 3640 347 3730 noconjugium
380 3644 437 3709 sibi
474 3641 639 3729 copulavit
694 3640 798 3716 Quem
831 3663 929 3729 quum
969 3641 1064 3708 Circe
1095 3656 1216 3711 amaret
1250 3661 1284 3713 et

162 3751 178 3791 a
219 3738 380 3807 rueretur,
407 3728 490 3794 irata
513 3749 588 3792 eum
607 3728 639 3793 in
664 3726 788 3813 picum,
818 3748 907 3792 avem
928 3724 1092 3809 Martiam,
1122 3730 1284 3797 convertit.

161 3749 245 3877 lbdm
265 3824 297 3878 et
317 3811 415 3877 altera
436 3823 486 3878 est
507 3811 586 3898 pica.
619 3812 695 3878 Hoc
710 3823 817 3878 autern
836 3811 909 3878 ideo
927 3811 1068 3900 lingitur,
1087 3813 1161 3900 quia
1177 3836 1285 3902 augur

162 3894 238 3975 fuit,
269 3909 303 3962 et
323 3895 409 3964 domi
432 3896 543 3964 habuit
562 3895 686 3985 picum,
713 3919 773 3984 per
792 3920 888 3985 quern
908 3897 1016 3966 sutura
1037 3900 1201 3967 noscebat.

529 4113 624 4189 aaa.
676 4114 914 4218 erynnis.

118 4258 155 4310 to
246 4241 365 4331 Phyllis
401 4244 513 4332 regina
548 4243 712 4309 Thracum
757 4244 824 4312 luit.
878 4247 971 4312 Haec
988 4242 1285 4334 Demophoontem,

162 4325 282 4393 'l'besei
304 4329 418 4407 lilium,
446 4352 558 4416 regem
578 4326 827 4409 Atheniensium,
858 4329 1044 4397 redeuntem
1072 4331 1114 4395 de
1142 4330 1283 4418 Trojano

161 4412 281 4502 proelio
309 4413 431 4482 dilexit.
462 4427 495 4480 et
521 4414 553 4479 in
581 4411 765 4502 conjugium
792 4415 924 4502 rogarit
971 4415 1028 4482 lile
1056 4415 1114 4493 ait,
1148 4437 1184 4480 se
1211 4426 1284 4482 ante

108 4534 112 4542 ‹
161 4519 229 4564 rem
252 4521 343 4565 suam
363 4499 599 4576 ordinaturum,
626 4498 733 4565 etsie
762 4499 804 4564 ad
831 4498 901 4572 e'us
928 4502 1052 4589 nuptias
1072 4520 1282 4565 reversurum.

162 4581 332 4650 Proiectus
352 4583 460 4674 itaque
483 4606 581 4671 quum
601 4580 753 4667 tardaret,
777 4524 1073 4676 Phyllisexamoris
1089 4583 1283 4672 impatientia
