2640 5130
350 487 547 640 'uyuogr.·
569 539 620 613 11.
675 539 754 613 rra
770 581 818 598 -
833 540 921 616 rar.
944 499 946 504 ’
1134 546 1212 620 aas
1235 621 1236 624 ,

85 725 330 816 pulcherrimum
360 735 394 790 et
415 734 628 791 mansuetum.
671 727 774 800 Quem
822 748 895 792 unnr
918 724 1081 814 diligeret,
1098 726 1213 800 ‘lassus

80 835 227 880 somnum
254 813 313 876 sub
341 811 457 875 arbore
486 831 618 898 carpere
647 812 761 899 coepit
799 750 918 879 bubito
948 816 1103 882 excitatus
1132 829 1213 884 stre-

79 901 168 985 pitu,
199 917 326 963 cerrum
352 893 451 981 longe
479 893 570 974 ridit3
604 918 697 981 quem
729 894 861 964 credens
895 896 1082 980 silvestrem,
1117 903 1212 970 missa

78 985 198 1070 sagitta
222 1004 295 1047 eum
316 979 492 1059 interemit,
523 979 697 1068 agnitoque
722 981 753 1047 in
782 993 903 1048 tantum
925 984 1084 1065 extabuit,
1113 997 1149 1054 nt
1168 989 1209 1054 ab

77 1069 161 1134 omni
184 1065 256 1132 cibo
278 1076 312 1133 et
330 1076 408 1167 potu
430 1063 610 1131 abstineret.
653 1067 727 1141 Quo
746 1067 947 1146 tabescente,
969 1069 1078 1157 Apollo
1100 1072 1235 1140 miser-5

76 1167 128 1222 tus
149 1152 239 1243 ejus,
266 1160 359 1218 refut
379 1171 452 1216 eum
473 1150 505 1215 iu
526 1151 674 1217 arborem
695 1152 744 1218 soi
765 1152 896 1219 nominis
917 1175 1113 1242 cupressum.

385 1315 479 1394 178.
533 1319 698 1394 Eadem
730 1318 897 1398 tabula.

161 1448 324 1528 Silranus,
351 1445 431 1512 deus
452 1447 614 1529 silvarum,
645 1446 802 1522 adamavit
823 1472 971 1542 puerum,
1002 1451 1207 1541 Cyparissum

76 1536 219 1613 nomine,
247 1536 300 1622 qui
330 1533 470 1598 habebat
496 1533 776 1603 mansuetissimam
804 1558 938 1601 cervam.
989 1534 1084 1602 Hanc
1110 1561 1207 1625 quum

77 1623 221 1687 Silvanus
244 1618 368 1685 nescius
389 1615 574 1697 occidisset,
605 1639 685 1706 puer
706 1634 755 1686 est
778 1620 931 1688 extinctus
953 1618 1080 1704 dolore3
1111 1646 1205 1710 quern
1215 1643 1250 1694 1⁰

76 1719 200 1772 amator
220 1703 300 1771 deus
321 1704 352 1767 in
375 1723 577 1789 cupressum,
607 1704 752 1770 arborem
776 1705 906 1772 nominis
929 1706 1014 1799 ejus,
1043 1709 1207 1795 convertit,

75 1814 172 1879 quam
193 1789 288 1857 etiam
308 1808 368 1877 pro
388 1785 500 1854 solatio
522 1788 650 1856 extincti
671 1801 800 1877 portare
821 1784 945 1862 dicit'ur.

438 1948 531 2025 179.
591 1918 876 2053 Μίθρης.Ι

160 2081 297 2169 Priapus
324 2100 421 2169 quum
447 2078 556 2147 Leton
584 2081 763 2170 Nympham
793 2095 929 2151 amatam
953 2095 1208 2172 persequeretur,
1262 2151 1265 2162 ,

57 2167 126 2233 ‚illa
155 2167 288 2233 deorum
317 2164 518 2232 miseratione
543 2166 576 2232 in
598 2168 744 2234 arborem
776 2190 865 2235 versa
896 2179 964 2250 est,
999 2191 1082 2259 quae
1111 2169 1249 2258 rulgotc

75 2250 165 2336 labo
187 2251 336 2341 Syriaca
358 2249 485 2316 dicitnr.

283 2413 376 2494 180.
429 2417 631 2522 Aleiope
666 2431 711 2496 et
740 2421 998 2496 Narcissus.

157 2546 287 2635 Alciope
307 2548 456 2638 Nympha
478 2571 518 2615 ex
536 2571 629 2615 amne
649 2549 790 2652 Cephiso
811 2549 995 2617 Narcissum
1039 2553 1203 2627 rocrearit,

74 2633 126 2701 cni
157 2633 300 2700 'liresias
329 2636 433 2701 omnia
460 2656 612 2722 prospera
640 2635 794 2723 polbcitus
823 2652 888 2713 est,
922 2636 947 2701 si
980 2573 1204 2723 pulchritudini

73 2731 195 2786 tantum
224 2740 301 2785 suae
329 2742 391 2786 uon
420 2720 502 2785 adeo
530 2717 714 2787 confideret.
756 2721 854 2786 Hunc
880 2720 977 2806 igitur
997 2720 1109 2800 Echo,
1142 2723 1247 2792 titiano

71 2804 225 2881 Jnnouis,
255 2825 352 2891 quum
381 2804 547 2891 diligeret,
573 2819 606 2871 et
624 2805 672 2872 sui
700 2804 837 2894 potiendi
860 2807 938 2870 riam
962 2829 1023 2871 non
1044 2806 1206 2888 inveniret,

73 2911 185 2956 amore
193 2887 330 2990 juvenis,
352 2912 444 2977 quern
457 2890 604 2956 extremis
619 2891 747 2957 vocibus
757 2890 930 2978 fugientem
946 2893 1204 2978 persequebatur,

73 2976 227 3040 extabunt.
271 2973 371 3063 Cujus
385 2975 416 3039 in
431 2974 565 3061 lapidem
584 2997 694 3042 versae
718 2986 751 3042 et
771 2976 801 3040 iu
824 2977 980 3043 montibus
999 2975 1205 3044 absconditae

74 3081 135 3124 vox
168 3070 287 3126 tantum
318 3058 454 3126 auditur.
496 3059 534 3124 Id
561 3071 666 3126 tamen
696 3060 723 3125 ei
753 3059 869 3128 accidit
892 3060 1025 3129 lunonis
1045 3061 1204 3141 instinctu,

71 3142 162 3232 quod
181 3143 368 3230 garrulitate
389 3149 538 3210 sua'eam
560 3168 656 3233 saepe
676 3156 760 3212 esset
780 3155 917 3224 morata,
946 3169 986 3212 ne
1011 3145 1141 3227 Jovem,
1171 3147 1247 3216 inte

72 3230 232 3296 montibus
249 3229 414 3318 Nymphas
457 3245 693 3316 ersequeutem,
725 3228 974 3331 deprehendere,
992 3243 1110 3317 posset.
1151 3232 1205 3298 Ob

71 3314 108 3380 id
127 3318 222 3381 mam
244 3314 344 3380 fertur
363 3316 406 3379 ob
427 3253 658 3382 determitatem
680 3317 838 3381 montibus
859 3337 930 3382 esse
952 3314 1133 3393 recondita,
1163 3339 1205 3382 ne

72 3398 152 3487 qnid
181 3398 249 3480 eius
277 3410 404 3487 praeter
435 3422 543 3465 vocem
573 3400 712 3486 conspici
743 3402 849 3488 possit
892 3399 1076 3468 Narcissum
1098 3410 1205 3468 autem

70 3482 291 3573 supradictum
320 3485 361 3549 ob
382 3482 508 3550 nimiam
530 3484 764 3587 despectionem
786 3497 819 3552 et
840 3482 1077 3565 crudelitatem,
1109 3509 1204 3572 quarn

69 3571 104 3635 in
123 3570 220 3637 Echo
240 3579 442 3648 exercuerat,
464 3569 627 3648 Nemesis,
649 3569 683 3635 id
704 3581 752 3636 est
772 3569 917 3636 Fortuna
934 3569 1024 3637 ultrix
1044 3570 1246 3641 fastidien-ao

72 3655 167 3734 bum,
189 3654 230 3727 tn
263 3675 402 3719 amorem
423 3653 474 3721 sui
496 3655 661 3743 compulit,
687 3666 807 3720 utnon
828 3654 939 3721 minori
961 3679 1000 3720 ac
1021 3654 1071 3722 iila
1092 3678 1204 3723 exure-

71 3753 162 3806 retur
182 3740 270 3827 igne.
313 3739 378 3813 Qui
399 3761 494 3826 quum
507 3763 545 3806 ex
568 3737 694 3807 assidua
717 3739 905 3826 fatigatione
926 3740 1095 3808 venationis
1118 3741 1225 3830 juxta·

73 3828 192 3892 sontem
214 3824 451 3912 procubuisset,
484 3837 516 3891 et
541 3825 686 3891 hauriens
710 3847 842 3912 aquam,
872 3826 1041 3911 imaginem
1063 3826 1110 3891 sui
1131 3849 1203 3915 per-

70 3911 245 3997 spexisset,
266 3908 399 3974 alienam
419 3919 550 3997 putans,
572 3909 743 3990 adamarit,
766 3909 897 4058 piusque
919 3910 1083 3978 desideriis
1103 3911 1147 3976 ita
1169 3924 1204 3978 ut

70 3998 134 4062 rita
153 3995 346 4082 privaretur,
369 3992 511 4061 intabuit.
552 3995 602 4061 Ex
627 3994 716 4078 cuins
738 3995 873 4082 rerquiis
894 3996 955 4079 flos
976 3997 1085 4074 oritur,
1108 4020 1244 4082 quernas

69 4079 211 4167 Najades
242 4077 427 4168 Nymphae,
459 4101 568 4148 casum
594 4080 700 4147 fratris
720 4081 854 4162 flentes,
884 4080 1056 4149 narcissum
1079 4081 1202 4149 nomine

43 4175 308 4233 vannotaverunt.

405 4330 495 4408 181.
549 4310 859 4434 Hyacinthus.

151 4458 356 4544 Hyacinthus
384 4484 467 4550 puer
499 4459 665 4529 adamatus
695 4477 745 4531 est
772 4477 837 4532 tam
866 4488 884 4529 a
910 4465 1016 4530 Borea
1045 4486 1141 4553 quam
1161 4466 1201 4530 ab

71 4542 222 4633 Apolbne.
274 4547 339 4619 Qui
360 4569 457 4636 quum
477 4549 582 4634 magis
604 4547 750 4636 Apollinis
779 4572 887 4619 amore
908 4550 1093 4631 laetaretur,
1126 4552 1243 4620 dumio
