2640 5130
293 1309 943 1404 PROOEMIUM.

338 1536 342 1544 ,
488 1511 757 1540 *-

160 1692 381 1855 Biennium
408 1778 481 1855 fera
506 1792 591 1874 est,
613 1807 657 1856 ex
680 1805 752 1879 quo
776 1777 938 1881 Angelus
963 1776 1101 1876 Mu‘us,
1129 1787 1182 1857 vir

58 1875 328 1974 illustrissimus,
366 1880 410 1954 de
431 1884 582 1982 antiquis
603 1880 829 1981 scriptoribus
850 1909 870 1954 e
894 1880 1003 1954 biblio
1041 1908 1182 1958 ecarum

58 1977 251 2053 Italicarum
292 1980 433 2055 latebris
468 1986 505 2056 in
542 1983 656 2058 lucem
693 1982 909 2081 proferendis
947 1984 1182 2060 immortaliter

57 2082 205 2173 meritus,
232 2085 272 2154 in
291 2082 527 2159 Classicorum
541 2082 738 2160 Auctorum
763 2084 980 2158 evaticanis
1005 2084 1183 2159 codicibus

59 2180 220 2255 editorum
238 2183 415 2258 volumine
428 2187 489 2258 111
514 2198 585 2260 tres
609 2213 726 2260 rerum
746 2183 976 2286 mytbicurum
994 2186 1182 2284 scriptores

57 2281 197 2358 ineditos
217 2288 311 2385 typis
331 2287 572 2385 exprimendos
591 2289 742 2382 curavit,
768 2313 916 2386 quorum
933 2287 1044 2385 prima
1062 2289 1182 2362 notitia

58 2395 92 2455 ut
115 2384 285 2458 bonarum
310 2386 502 2462 litterarum
531 2390 695 2464 studiosis
724 2401 799 2463 erat
821 2387 1099 2487 jucundissima,
1133 2389 1182 2463 ita

57 2485 208 2582 plurimis
238 2513 348 2562 novae
381 2515 500 2564 eornm
529 2490 687 2571 editionis
717 2491 754 2563 in
788 2487 975 2563 Germania
1007 2488 1180 2587 parandae

57 2586 258 2661 desiderium
291 2591 541 2665 commovebat.
608 2591 718 2692 Cujus
745 2592 797 2665 rei
829 2591 1067 2690 suscipiendae
1096 2616 1179 2666 con·

56 2688 163 2760 silium
186 2715 294 2788 quum
319 2691 537 2767 hortantibus
561 2695 646 2766 viris
670 2692 800 2787 doctis,
832 2717 981 2791 quorum
1006 2690 1100 2791 apud
1124 2718 1180 2773 me

57 2789 237 2886 plurimum
270 2790 362 2866 valet
393 2797 602 2888 auctoritas,
632 2790 768 2868 ¹animo
799 2793 939 2867 volvere
974 2794 1176 2890 coepissem,

57 2891 149 2987 plura
179 2918 219 2965 se
248 2892 333 2964 mibi
364 2893 565 2968 obtulerunt
592 2896 720 2969 auxilia
749 2893 795 2968 ad
823 2893 947 2969 borum
973 2896 1179 2993 scriptorum

57 2992 155 3066 uerba
179 2993 305 3067 melius
330 2997 568 3070 constituenda
593 2998 782 3097 aptissima.
834 2997 892 3069 De
915 2994 1042 3095 quibus
1065 2997 1179 3093 prius·

56 3118 174 3191 quam,
208 3107 249 3168 ut
272 3121 337 3194 par
358 3107 430 3189 cst,
461 3123 652 3196 exponam,
688 3100 813 3171 iterare
830 3094 932 3196 juvat
951 3122 1040 3196 quae
1059 3095 1179 3196 Mujus

55 3195 190 3269 editioni
212 3223 298 3270 sune
318 3198 495 3295 praefatus
516 3211 587 3295 cst,
615 3211 656 3272 ut
680 3197 766 3299 quid
785 3199 840 3270 vir
858 3198 917 3271 ille
936 3198 1179 3298 sagacissimus

55 3321 156 3393 quum
182 3297 226 3370 de
251 3299 338 3396 ipsis
358 3298 485 3397 quibus
509 3326 594 3375 usus
614 3312 668 3375 est
690 3297 868 3374 codicibus
883 3299 1077 3394 Vaticanis,
1105 3309 1180 3372 tum

54 3397 93 3471 de
111 3399 238 3472 borum
259 3400 507 3498 opusculorum
525 3401 725 3476 auctoribus
747 3426 935 3501 eorumque
952 3409 1063 3476 aetate
1084 3399 1179 3472 dixe·

53 3501 113 3592 rit,
148 3499 296 3574 lectores
325 3502 390 3576 rite
421 3515 648 3602 cognoscant.
708 3504 876 3577 Nostram
899 3527 983 3576 vero
1007 3503 1056 3574 ita
1080 3502 1178 3574 insti·

52 3614 186 3675 tuamus
216 3604 429 3698 orationem,
469 3616 510 3677 ut
541 3607 692 3702 primurn
723 3601 940 3705 gravioribus
972 3602 1042 3676 illis
1074 3627 1179 3702 quae·

52 3702 218 3777 stionibus
242 3729 265 3776 a
285 3703 383 3803 lllajo
408 3707 509 3779 motis
534 3706 717 3779 nonnullas
742 3703 994 3804 subjungamus
1017 3700 1179 3778 observa·

53 3804 247 3900 tiunculus3
291 3804 415 3881 deinde
448 3805 553 3906 bujus
583 3806 743 3881 editionis
775 3830 865 3905 quae
896 3807 942 3877 sit
971 3806 1082 3898 ratio,
1119 3805 1180 3903 qui

51 3905 148 3998 linis,
186 3909 308 4004 paucis
332 3907 537 3982 indicemus.
591 3909 654 3983 Sic
679 3909 786 4008 igitur
809 3903 950 4004 Majus:

124 4009 158 4079 l.
192 4009 347 4080 “Latini
369 4008 613 4109 mptbograpbi
634 4020 781 4108 quatuor
805 4005 1041 4080 tantummodo
1064 4017 1182 4078 extant

49 4110 84 4181 in
114 4108 348 4205 editionibus,
386 4137 509 4209 nempe
540 4111 646 4210 vulgo
681 4110 794 4183 dictus
821 4109 865 4183 C.
891 4109 1082 4208 Hyginus,
1119 4109 1180 4206 qni
1260 4151 1264 4160 ·

49 4224 140 4284 certe
165 4208 321 4309 Augusti
351 4209 807 4288 bibliothecariorecentior
829 4221 903 4305 est,
937 4207 1068 4281 Fabius
1093 4206 1179 4280 Ful·

47 4316 185 4411 gentius
216 4313 448 4408 Planciudes3
486 4315 691 4387 Lactantius
722 4310 890 4385 Placidus
919 4311 1177 4410 grammaticus,

48 4416 108 4512 qui
133 4413 314 4488 ovidianas
339 4412 475 4488 subulas
499 4408 693 4510 enarravit3
732 4413 881 4512 denique
905 4409 1075 4486 Albricus
1101 4408 1178 4507 pbi-

47 4516 238 4612 losophus,
281 4517 342 4612 qui
375 4514 419 4589 de
446 4516 656 4617 imaginibus
686 4515 828 4588 deorum
863 4510 1179 4588 commentariolum

46 4618 202 4719 reliquit.
257 4615 349 4699 blibi
372 4619 567 4695 vaticanam
590 4616 833 4694 bibliothecam
857 4643 920 4716 pro
941 4639 1019 4690 meo
1039 4635 1181 4686 munere
