2640 5130
306 584 309 589 ’
379 586 560 728 atyuogr.
587 624 621 700 1.
674 624 878 703 art-aa.
1147 630 1196 706 rs

456 827 526 904 56.
579 827 804 908 Achilles.

154 956 311 1061 Achilles.
359 978 381 1023 a
404 969 519 1059 ‚Paul
560 956 676 1024 tinctus
719 958 752 1024 in
789 957 905 1046 Stygia
940 957 1072 1046 palude,
1125 975 1193 1064 toto

57 1040 708 1217 testanteesaia
717 1048 1192 1232 tttttsttt‘illtslt:

56 1212 179 1282 insidiis
200 1213 347 1307 Panda,
370 1221 444 1301 post
461 1210 665 1313 simulacrum
685 1212 825 1314 lateptrs,
846 1213 971 1281 occisus
992 1226 1050 1285 est
1092 1217 1214 1288 Undet

58 1300 212 1388 tingitur,
231 1297 337 1388 quod,
359 1306 489 1369 terente
507 1296 666 1388 Apolline,
687 1296 781 1366 Parus
801 1298 950 1368 direxerit
968 1300 1039 1368 telu

319 1513 390 1590 57.
442 1513 616 1588 Latona
650 1529 691 1591 et
723 1515 922 1593 Asterie.

142 1644 228 1712 Post
246 1641 394 1711 Latonae
415 1643 540 1734 nuptias
559 1642 707 1732 Juppiter
726 1664 824 1733 quum
842 1644 937 1712 etiam
959 1646 1027 1735 ejus
1047 1667 1190 1714 sororem

60 1730 205 1799 Asterien
226 1729 335 1796 vitiare
355 1728 463 1812 vellet,
483 1728 533 1797 illa
555 1729 674 1817 optarit
694 1750 714 1794 a
736 1726 813 1802 diis,
835 1741 872 1797 nt
894 1729 926 1795 in
947 1754 1037 1798 avem
1059 1753 1189 1798 conuer-

61 1827 200 1894 teretur,
231 1834 388 1904 rasaque
415 1814 448 1882 in
475 1813 671 1882 coturnicem
693 1813 760 1883 fuit
800 1813 847 1882 Et
872 1837 970 1905 quum
991 1815 1082 1885 vellet
1101 1837 1231 1884 marono

60 1900 286 1979 centauro,
313 1896 402 1988 quod
428 1910 478 1967 est
505 1899 723 1978 coturnicum,
759 1897 869 1967 efflata
897 1922 918 1968 a
943 1901 1023 1968 Jove
1038 1914 1071 1970 et
1090 1901 1122 1968 in
1143 1901 1188 1967 lu-

78 1988 87 2003 ⁰
111 2007 163 2052 em
186 2004 359 2062 conversa,
379 1983 435 2050 diu
453 1983 513 2057 sub
534 1983 683 2053 fluctibus
702 1982 801 2054 tatuit
841 1983 972 2065 Postea,
993 1985 1189 2075 supplicante

79 2070 128 2137 nri
154 2068 302 2150 Latona,
340 2069 442 2137 lerata
471 2068 643 2171 superferri
675 2068 765 2156 aquis
793 2068 908 2156 coepit
963 2070 1059 2137 Haec
1087 2072 1188 2160 primo

61 2155 212 2244 Neptuno
249 2165 284 2222 et
322 2153 437 2221 Doridi
477 2154 537 2222 sust
568 2163 766 2221 consecrata.
818 2153 1064 2243 Posteaquam
1091 2157 1188 2232 luno,

61 2240 208 2329 Pythone
233 2238 392 2320 immisso,
419 2237 584 2329 gravidam
605 2239 762 2307 Latonam
783 2250 1037 2327 persequeretur,
1058 2238 1228 2326 (haec),1s

61 2325 151 2392 terris
177 2324 325 2392 omnibus
356 2325 501 2413 expulsa,
534 2322 663 2391 tandem
692 2322 860 2425 aliquando
881 2325 1040 2414 applicans
1061 2349 1098 2392 se
1118 2325 1188 2392 lito·

61 2412 162 2489 ribns,
191 2431 213 2476 a
239 2430 354 2477 sorore
382 2422 530 2511 suscepta
560 2420 627 2489 est,
657 2419 689 2475 et
716 2407 776 2474 illuc
805 2408 941 2477 Dianam
967 2410 1087 2499 primo,
1115 2422 1188 2501 post

61 2496 231 2585 Apollinem
257 2492 399 2595 peperit3
436 2517 489 2583 qus
516 2494 639 2572 statim,
679 2494 785 2560 occiso
817 2493 983 2585 Pythone,
1023 2496 1105 2565 ultus
1139 2507 1188 2562 est

60 2578 1228 2755 3}ss*tttttsltttttdtttttffi‘tltttlltffltlt}20

62 2748 906 2923 llilll'mffl‘lfislililmllffdlliiill’
919 2749 1185 2907 „lttttttt

64 2920 118 2987 sibi
145 2919 283 2990 natalem
312 2941 421 2988 errare
446 2942 510 2987 non
529 2941 625 3009 passa
646 2931 735 3001 sunt,
763 2918 821 2987 sed
843 2944 913 2997 eam
934 2920 1058 2991 duabus
1077 2923 1184 2991 insulis

65 3006 279 3094 rigaverunt.
322 3005 447 3073 Veritas
475 3026 549 3071 vero
569 3007 667 3092 longe
686 3003 746 3072 alia
769 3004 835 3072 luit.
877 3006 961 3074 Nam
983 3008 1064 3076 haec
1082 3009 1183 3076 insula

66 3114 156 3177 quum
182 3104 290 3162 terrae
314 3101 403 3159 mota
429 3089 606 3169 laboraret,
641 3090 696 3179 qui
731 3091 768 3159 fit
797 3091 857 3157 sub
889 3091 983 3160 terris
1014 3092 1225 3163 latentibusao

65 3178 178 3257 ventis,
198 3173 329 3244 oraculo
349 3175 496 3265 Apollinis
520 3186 625 3243 terrae
646 3176 735 3243 motu
758 3175 869 3244 caruit.
907 3177 991 3244 Nam
1012 3181 1184 3268 praecepit,

66 3282 104 3327 ne
119 3263 180 3331 illic
196 3272 341 3330 mortuus
360 3262 563 3350 sepeliretur,
594 3272 627 3328 et
641 3260 738 3364 jussit
757 3260 914 3349 quaedam
931 3264 1086 3332 sacrificia
1107 3266 1183 3331 lieri.

66 3346 180 3416 Postea
195 3370 216 3414 e
234 3346 376 3437 Mycono
397 3348 588 3438 Gyaroque,
621 3347 729 3414 arduis
749 3345 873 3423 insulis,
893 3371 935 3439 po
960 3347 1001 3414 uli
1020 3367 1183 3425 venerunt,

65 3432 115 3518 qui
150 3454 221 3501 eam
255 3442 409 3500 naemu
467 3429 565 3508 Quod
597 3441 704 3499 autem
733 3431 884 3513 dicimus,
951 3434 1053 3503 ianam
1102 3437 1181 3502 rimo

65 3530 182 3599 nram,
208 3517 337 3587 rationis
364 3527 422 3586 est.
470 3517 554 3584 Nam
585 3527 724 3597 constat,
759 3518 892 3620 primurn
920 3532 1045 3588 noctem
1075 3459 1223 3597 linisseao

64 3604 148 3687 ruins
162 3604 405 3672 instrumentum
426 3614 477 3671 est
496 3602 585 3684 luna,
606 3601 639 3667 id
661 3614 710 3670 est
730 3601 850 3685 Drana3
874 3616 947 3692 post
966 3604 1066 3687 diem,
1087 3631 1180 3697 quern

64 3688 105 3753 sol
130 3688 248 3772 ellicit,
278 3687 333 3779 qui
362 3698 411 3755 est
438 3684 567 3777 Apollo.'
605 3687 651 3756 Ut
671 3697 777 3754 autem
797 3687 896 3755 Delos
916 3689 1018 3779 primo
1044 3693 1182 3783 Ortygia

65 3770 233 3855 mur,
267 3773 388 3840 iactum
416 3788 464 3842 est
493 3773 721 3876 aeoturnice,
739 3796 834 3874 ,quae
857 3775 986 3844 Graece
1010 3773 1106 3865 ὄρτυξ
1128 3802 1182 3843 vo-

64 3856 661 4033 §Pelltatt‘tttttdt
674 3858 798 4011 'attia
823 3868 1221 4036 “vtt‘ttt’tttts

68 4027 132 4107 tuit,
167 4030 262 4119 quia,
299 4050 396 4116 quum
428 4029 544 4117 ubique
576 4027 724 4117 Apollinis
758 4051 912 4117 responsa
940 4035 1077 4101 obscura
1109 4035 1180 4111 sint,

63 4112 218 4183 mutan
237 4113 303 4181 illie
321 4133 475 4202 responsa
494 4113 620 4181 dantur.
659 4113 759 4182 Delos
788 4126 894 4182 autem
922 4129 955 4185 et
976 4119 1081 4188 civitas
1103 4118 1179 4187 dici-

62 4210 107 4266 tur
122 4213 155 4272 et
172 4199 286 4271 insula.
329 4197 425 4266 Unde
444 4197 604 4266 interdum
624 4199 738 4290 recipit
757 4199 1030 4291 praepositionem.

310 4356 313 4361 -
408 4397 477 4476 58.
531 4399 825 4502 Hesperides.

128 4540 356 4635 Hesperides,
377 4543 507 4615 Atlantis
526 4558 558 4614 ct
577 4543 747 4635 Nymphae
768 4546 870 4626 filiae,
892 4546 1065 4615 secundum
1089 4549 1220 4624 tabu-so

61 4626 108 4701 h·
126 4632 262 4703 bonnm
285 4627 479 4709 habuerunt,
503 4629 535 4698 in
554 4643 724 4720 quoerant
742 4633 826 4701 mala
846 4654 954 4717 aurea,
970 4634 1084 4703 Veneri
1101 4658 1178 4702 eco-
