2640 5130
175 288 261 368 aaa
464 291 646 393 manag..
671 293 743 371 ιιι.
799 288 863 365 ιι.
917 289 1065 365 a-s.

178 475 356 542 nniversam
377 474 486 542 mundi
506 488 651 542 naturam
673 474 768 542 celeri
797 474 992 563 cogitatione
1019 477 1169 564 pervolet
1222 476 1301 545 ldeo

179 563 345 628 Musarum
380 563 500 627 lontem
528 585 571 628 un
600 561 651 626 ula
689 562 812 650 rupisse
847 561 997 662 lingitur,
1052 561 1119 628 uod
1148 562 1303 651 sapientis

180 646 302 734 poetis,
334 644 484 732 quicquid
512 583 756 734 probaquuntur,
787 643 993 712 administret.
1029 584 1125 713 qIdeo
1152 645 1195 713 de
1217 648 1301 714 Gor·

180 731 274 816 genis
296 731 452 814 sangnine
475 745 583 802 naras.
604 754 687 817 quae
717 742 829 794 terror
854 730 1096 817 interpretatur,
1134 731 1224 821 qood
1244 734 1300 799 ini-

155 816 258 880 stiam
277 815 449 901 sapientiae
468 815 518 884 sit.
560 814 657 889 Quod
679 826 785 881 autem
813 813 907 881 timor
925 815 1064 895 initium,
1096 828 1134 883 ut
1155 817 1298 898 diximus,

178 901 220 966 sit
239 899 429 986 sapientiae,
469 900 702 988 aphilosophis
724 900 804 964 haec
835 900 918 966 ratio
950 898 1062 979 datur,
1098 901 1185 991 quod
1208 917 1242 970 et
1261 904 1299 971 tl·

178 1005 268 1061 more
288 984 431 1070 magistri
452 983 611 1087 discipulis
632 985 785 1072 sapientia
807 985 934 1063 crescit,
955 998 988 1052 et
1003 982 1090 1072 quod
1104 987 1158 1074 qui
1181 986 1296 1055 lamam

177 1068 333 1145 timuerit,
351 1068 476 1156 sepiens
497 1083 566 1137 ent.
607 1069 652 1135 Et
673 1070 801 1144 merito,
822 1068 984 1156 inquiunt.
1015 1068 1059 1136 de
1082 1072 1192 1138 occisa
1213 1074 1297 1138 Gor-

177 1174 265 1236 gone
285 1152 432 1239 Pegasus
452 1155 568 1234 oritur,
609 1154 696 1237 quod
725 1155 814 1221 linito
836 1168 868 1219 et
889 1152 1047 1221 annullato
1079 1156 1195 1223 timore
1223 1159 1296 1224 insi-

136 1238 334 1323 topieatiae,
366 1239 523 1307 subintrat
542 1238 658 1305 deinde
687 1240 719 1306 in
749 1237 921 1328 quemlibet
948 1262 985 1305 sa
1007 1240 1113 1307 ientia.
1157 1241 1298 1310 Stultitia

175 1322 258 1387 esaim
289 1345 416 1424 semper
450 1321 560 1390 timida
598 1337 656 1390 est
720 1322 816 1389 Unde
850 1336 884 1391 et
917 1321 950 1389 in
982 1262 1122 1392 Palladis
1166 1339 1296 1412 pectore

175 1408 331 1492 Gorgon,
361 1405 394 1474 rd
426 1420 477 1476 est
502 1409 646 1473 terroris
667 1408 805 1495 imago,
831 1408 894 1475 fixa
914 1420 980 1488 est,
1013 1420 1050 1476 ut
1071 1409 1295 1499 insipientibus

175 1515 300 1578 semper
321 1504 473 1559 terrorem
493 1493 636 1559 incutere
655 1491 806 1558 videatur.

259 1578 291 1644 4.
332 1577 454 1664 Pegasi
474 1600 538 1665 ope
559 1577 771 1666 Bellerophon
798 1577 957 1646 interfecit
976 1578 1192 1646 Chimaeram.
1217 1579 1294 1658 ‚Ea

135 1674 282 1728 lbautem
302 1663 383 1729 haec
405 1662 520 1728 labala.
571 1664 709 1730 Proetus
739 1685 869 1730 uxorem
901 1665 1012 1731 babuit
1032 1664 1176 1745 Antimn,
1213 1688 1294 1753 quae

174 1748 289 1850 amavit
308 1749 601 1851 Bellerophontem,
622 1771 727 1835 quesn,
746 1748 827 1851 quia
843 1772 923 1815 suae
944 1772 1006 1814 non
1028 1751 1163 1817 assensit
1184 1751 1294 1852 nequi·

173 1831 661 1992 ittaltllattllmall?
671 1832 1128 2007 ,tttnllttfflatl
1144 1835 1292 2017 itt.

172 2000 314 2067 resideas
335 2002 499 2070 interemit.
540 2001 679 2069 Proetus
699 2003 797 2090 igitur
809 2002 973 2090 Pamphila
994 2003 1033 2068 lia
1061 2026 1101 2070 ua
1121 2005 1292 2082 corardus,

131 2088 266 2152 sonans
287 2088 502 2152 corstrarium
522 2086 765 2174 interpretatur,
818 2110 878 2152 uae
922 2110 958 2151 ro
980 2024 1107 2153 libidine
1128 2089 1291 2177 accipitur,

217 2169 259 2236 od
280 2170 353 2236 nihil
374 2167 456 2236 adeo
477 2172 580 2238 virtuti
601 2110 867 2259 quemadmodum
896 2110 992 2238 llbido
1022 2174 1292 2241 contrarium-aest.

172 2194 268 2320 ldhnc
286 2255 423 2321 Proetus
444 2256 540 2322 habet
562 2256 739 2346 conjugem.
781 2257 846 2324 Cui
866 2258 949 2322 anim
976 2253 1091 2334 libido,
1128 2258 1187 2324 nisi
1222 2281 1296 2325 sor*

172 2338 270 2418 dido,
304 2340 405 2427 possit
423 2340 566 2406 adbiberi
577 2342 592 2410 'l
634 2342 847 2429 Bellerophon
877 2364 953 2407 vero
984 2342 1181 2429 sapientiae
1214 2367 1291 2408 soa-

171 2424 323 2488 sultator
343 2425 388 2491 int
446 2435 575 2492 retatus.
627 2427 693 2492 Hic
714 2428 825 2494 batiae
843 2450 906 2493 non
937 2427 1113 2503 consentit,
1144 2427 1220 2514 quia
1238 2427 1293 2516 qui

129 2508 202 2574 abin
233 2509 404 2598 sapientiae
443 2511 555 2578 aborat
587 2508 815 2600 vestigatione,
855 2508 1014 2579 libidinem
1047 2532 1176 2578 omnem
1205 2534 1226 2578 a
1253 2535 1294 2579 se,

170 2593 278 2660 nititur
297 2594 457 2682 elongare.
499 2594 549 2662 dd
567 2597 769 2664 Chimaeram
788 2597 897 2685 itaque
922 2594 1131 2662 occidendam
1149 2597 1289 2664 mittitur.

170 2680 340 2745 Chimaera
380 2702 515 2770 namque
545 2682 676 2746 amoris
706 2681 899 2772 fluctuatio
937 2681 1175 2769 interpretatur.
1227 2682 1290 2757 Qui

169 2765 267 2850 igitur
302 2765 418 2833 libidini
442 2767 616 2845 renuntiat,
652 2781 763 2834 contra
794 2788 934 2832 amorem
965 2788 1108 2853 pugnam
1138 2766 1291 2854 suscipiat

171 2873 304 2918 necesse
323 2863 389 2932 est,
423 2875 518 2941 quem
553 2874 636 2940 equo
656 2852 809 2940 Pegaso,
842 2850 877 2918 id
904 2863 953 2918 est
973 2851 1127 2938 sapientia
1151 2848 1289 2941 adjutus,

17 3001 24 3007 ,
127 2948 164 2996 so
172 2937 284 3004 virtute
309 2934 470 3024 praeditus
492 2936 583 3003 lacile
600 2937 703 3005 vincit.
752 2935 936 3003 Notandum
964 2957 1058 3012 vcro,
1094 2935 1184 3023 quod
1204 2934 1289 3003 idem

170 3022 318 3109 Pegasus
343 3023 438 3090 etiam
509 3045 569 3089 uus
596 3020 738 3109 Neptuni
765 3019 870 3088 dictus
899 3032 950 3087 est
979 3044 1000 3086 a
1030 3022 1188 3105 Graeco„
1215 3021 1289 3108 quia

170 3105 262 3195 πηγή
289 3120 338 3173 est
356 3104 451 3195 joas.
533 3120 564 3176 st
604 3121 710 3174 autem
745 3128 913 3188 commune
949 3105 1090 3171 omnium
1121 3104 1289 3185 fluminum

169 3214 302 3266 nomen,
337 3191 423 3280 quod
443 3193 571 3260 flumina
588 3193 725 3279 liguram
747 3192 857 3257 caballi
878 3191 998 3257 habeat
1019 3201 1152 3278 propter
1175 3213 1287 3258 cursus

169 3278 375 3345 velocitatem.
416 3279 464 3345 ab
488 3276 599 3344 eodem
623 3277 717 3344 etiam
738 3304 788 3362 aa
810 3273 831 3363 ἡ
855 3298 990 3362 pagum
1019 3275 1182 3353 dixerunt,
1213 3277 1288 3364 (1⁰1²

126 3362 257 3429 ansillae
278 3362 423 3465 'nonnisi'
451 3363 536 3430 circa
576 3386 674 3464 aquas
716 3363 770 3428 lun
795 3361 839 3426 ari
873 3360 1110 3441 consueverint3
1140 3359 1288 3428 undeet

171 3470 288 3599 ...33
322 3446 1097 3614 titulialbalat}''tl'llrlllttt
1113 3551 1153 3594 ιι
1171 3526 1287 3616 aqna

169 3616 319 3686 dicamus.
361 3615 529 3686 Triformis
543 3617 692 3706 pingitur,
715 3619 834 3684 habens
849 3613 994 3682 videlicet
1010 3628 1106 3718 caput
1116 3613 1301 3693 leoninum,-

169 3715 309 3769 ventram
343 3703 522 3791 caprinum,
558 3700 692 3770 caudam
730 3700 960 3790 serpentinam
1006 3723 1082 3787 aura
1113 3701 1144 3766 in
1178 3722 1288 3765 amore

127 3801 234 3856 ratres
254 3789 329 3854 item
351 3790 473 3876 gradus
490 3802 580 3861 sant.
617 3787 650 3854 id
678 3800 726 3854 est
750 3787 842 3876 juxta
871 3783 1095 3871 Fulgentium,
1136 3784 1286 3873 incipere,

168 3875 340 3964 perficere,
377 3875 476 3940 linire
524 3876 650 3941 Primus
685 3873 767 3938 enirn
801 3893 889 3936 amor
923 3871 955 3935 in
985 3870 1198 3936 adolescentia
1228 3892 1286 3934 nos

169 3961 317 4028 lerooitar
349 3959 466 4027 invadit
500 3972 536 4028 ut
555 3961 615 4026 leo.
657 3957 784 4025 Deinde
803 3956 1003 4042 subsequitur
1023 3955 1157 4021 labrdrnrs
1179 3976 1216 4018 es
1242 3953 1285 4018 la-

167 4047 229 4124 tio,
246 4069 329 4133 qaae
347 4069 404 4135 per
424 4066 552 4134 capram
573 4044 776 4130 designatur.
797 4040 870 4130 quia
890 4041 953 4108 hoc
973 4040 1086 4106 animal
1106 4041 1138 4105 in
1159 3977 1287 4103 libidine

168 4132 433 4219 promptissimum
469 4130 521 4197 sit.
571 4130 668 4198 Unde
692 4142 725 4196 et
752 4126 859 4221 Satyri
887 4149 959 4192 curn
982 4125 1117 4214 caprinis
1136 4124 1285 4190 cornibus

128 4219 362 4306 repinguntur,
393 4218 466 4308 quia
486 4238 658 4303 numquam
680 4214 856 4283 libidinibus
878 4222 1067 4279 saturantur.
1109 4210 1147 4276 ln
1163 4220 1286 4297 postre-

170 4304 229 4372 mis
250 4305 392 4392 partibus
414 4302 588 4374 draconina
609 4314 674 4381 est,
705 4301 780 4391 quia
810 4307 884 4390 post
911 4297 1127 4386 peractionem
1156 4295 1287 4361 aculeus
