2692 4762
491 240 777 301 PROOEMIUM.
1150 251 1200 306 tu

59 416 209 517 allego,
247 439 338 514 quae
360 423 414 487 tot
437 413 635 488 criticorum
659 415 697 486 in
722 412 906 513 Hyginum
937 411 1197 491 lucubrationes

57 521 188 618 partim
214 516 455 614 complectitur
476 518 600 613 partim
624 517 796 590 nominat:
831 513 875 587 dc
899 513 997 614 cujus
1019 538 1124 614 opere
1144 520 1196 592 sic

57 621 203 696 demum
234 618 371 691 uidetur
402 629 495 689 recte
531 619 658 710 statui,
703 629 743 689 ut
773 617 921 715 epitome
949 616 1118 716 quaedam
1152 643 1196 692 ex

58 720 231 820 ampliore
258 745 300 791 ac
332 719 516 791 vetustiore
545 715 819 819 mythogropho,
855 718 977 815 primis
1002 722 1077 791 aevi
1102 718 1194 792 chri·

56 824 165 897 atiani
188 820 336 894 saeculis
362 820 618 912 consarcinata,
646 833 680 893 et
702 819 838 919 Hygini
860 820 997 891 nomine
1017 818 1192 914 decorata,

57 923 106 997 ad
139 949 209 997 nos
240 923 447 1020 pervenerit.
510 921 616 994 Nunc
648 923 827 993 vaticanus
858 919 1024 1019 Hyginus
1055 920 1100 993 ab
1133 921 1194 996 illo

57 1025 159 1100 edito
184 1023 300 1096 differt
325 1023 474 1094 dictione
499 1032 592 1114 tota,
631 1020 825 1094 fabularum
849 1020 990 1112 ordine,
1026 1018 1193 1097 librorum

54 1151 230 1219 numero,
258 1150 373 1197 rerum
392 1125 493 1194 etiam
513 1124 668 1220 ipsarum
687 1148 831 1222 genere:
861 1124 985 1196 etenim
1004 1121 1062 1195 ille
1080 1122 1205 1196 editus·

54 1252 211 1328 graecas
233 1236 365 1297 tautum
387 1222 522 1296 fabulas
541 1222 662 1317 habet,
688 1226 866 1296 vaticanus
886 1248 1046 1295 romanas
1067 1222 1193 1297 multas

53 1329 187 1401 inserit
212 1328 435 1398 narrationes.
488 1314 680 1398 Auctorem
702 1326 867 1423 Hyginus
889 1324 999 1397 editus
1022 1327 1193 1399 nemiuem

53 1429 134 1504 sere
153 1429 378 1501 recentiorem
394 1453 499 1500 aureo
517 1427 655 1499 sacculo
672 1426 813 1498 laudare
830 1424 965 1497 ridetur
971 1454 983 1519 3
1011 1427 1191 1499 vaticanus

55 1543 180 1603 autem
209 1529 255 1602 ad
283 1524 447 1615 (trecium
475 1553 586 1625 usque
615 1526 852 1626 progreditur,
888 1525 986 1624 cujus
1015 1525 1192 1600 christiani

56 1631 222 1705 historici
252 1652 377 1702 nomen
409 1632 445 1701 iu
477 1627 596 1700 fabula
625 1627 786 1701 CCXIX
814 1626 983 1725 legimus:
1025 1629 1088 1699 etsi
1118 1629 1191 1726 ipse

58 1734 234 1831 Hyginus
254 1733 432 1803 vaticanus
450 1730 584 1801 nullum
602 1755 785 1827 umquam,
813 1730 878 1799 nisi
898 1726 1054 1800 ethnicae
1071 1754 1190 1826 super-

58 1834 214 1907 stitionis
234 1831 399 1904 indicium
418 1857 501 1928 prae
519 1857 556 1903 sc
576 1830 655 1903 sert.
709 1832 870 1904 servium
889 1829 1054 1927 Hyginus
1077 1840 1192 1902 noster

58 1935 268 2008 nominatim
298 1959 484 2030 numquam
522 1932 695 2029 appellat;
742 1932 856 2003 locum
894 1942 1008 2000 tamen
1045 1929 1119 2028 ejus
1155 1932 1192 2002 in

59 2034 185 2108 fabula
207 2034 375 2108 LXXIV
394 2046 429 2106 ct
450 2033 536 2105 alios
559 2032 640 2103 alibi
661 2032 726 2103 sibi
750 2031 914 2104 vindicat.
969 2030 1190 2129 Fulgentiunr

59 2162 210 2235 prorsus
240 2138 388 2235 ignorat.
452 2135 549 2206 Hinc
578 2134 693 2204 nullus
724 2132 862 2227 dubito,
899 2135 983 2228 quin
1013 2135 1193 2205 vaticanus
1270 2218 1277 2233 ἱ

59 2238 233 2337 Hyginus
271 2238 307 2308 in
348 2236 469 2332 quinto
502 2234 642 2309 ‘Christi
679 2234 817 2308 saeculo
858 2234 1078 2308 collocandus
1110 2233 1192 2333 jurc
1324 2292 1327 2299 ,

60 2340 259 2435 meritoque
288 2338 373 2409 sit.'’
1244 2345 1249 2363 ¹

142 2439 215 2513 ΙΙΙ.
255 2438 402 2512 “Venio
438 2437 482 2509 ad
516 2435 807 2535 mytlrographum
841 2436 1007 2529 alterum,
1056 2437 1116 2534 qui
1155 2435 1192 2509 in

64 2551 214 2637 utroque
251 2539 370 2612 codice
406 2550 458 2611 est
492 2565 705 2636 anonymus,
751 2537 976 2609 christianum
1010 2550 1123 2609 autem
1155 2540 1193 2611 io

64 2639 268 2738 prohoemio
292 2651 399 2712 semet
423 2640 557 2737 prodit3
591 2651 626 2711 ct
651 2638 843 2710 fabularum
871 2650 1049 2709 numerum
1075 2663 1191 2734 parem

65 2743 141 2815 tere
171 2742 316 2841 Hygino
349 2743 493 2832 retinet,
536 2743 639 2812 unico
671 2752 786 2811 tamen
818 2738 907 2811 libro
941 2741 1187 2811 continuatum.

62 2834 227 2915 Priorem
260 2841 317 2913 lric
347 2844 421 2913 sine
449 2841 554 2914 dubio
580 2841 707 2938 expilat
736 2840 1046 2940 mythographuur‚
1082 2865 1190 2937 quan·

66 2943 184 3041 doque
211 2945 313 3015 etiam
342 2941 388 3013 ad
415 2942 581 3017 litteram:
622 2945 659 3013 iu
689 2942 862 3039 plerisque
890 2953 1002 3013 tamen
1034 2940 1192 3013 omnibus

65 3044 111 3117 ab
135 3043 256 3119 eodem
275 3044 460 3142 discrepat.
512 3045 625 3116 Porro
646 3042 729 3113 milri
751 3042 794 3114 de
815 3044 883 3116 lroc
905 3069 1075 3141 anonymo
1098 3045 1191 3139 eogi-

65 3148 155 3219 tauti
179 3148 220 3220 eti
243 3147 360 3243 opinio
381 3144 481 3218 ualde
505 3148 656 3216 animum
682 3143 836 3234 obsedit,
865 3145 1083 3216 Lactantium
1108 3144 1191 3216 Plu·

67 3245 206 3337 cidon,
242 3247 301 3344 qui
327 3272 435 3343 acque
460 3245 665 3318 christianus
695 3245 783 3336 tuit,
817 3244 921 3344 hujus
947 3243 1088 3317 secundi
1116 3271 1191 3344 my·

67 3347 215 3446 thologi
236 3373 313 3419 esse
333 3358 521 3420 auctorem.
575 3344 678 3418 Certe
698 3348 758 3443 qui
774 3346 911 3418 Placidi
931 3348 1190 3420 commentarios

67 3448 113 3519 nd
138 3460 323 3545 utrumque
348 3447 451 3521 Statii
476 3473 616 3546 poema,
643 3451 792 3543 itemque
817 3447 970 3546 ejusdem
995 3446 1189 3519 fabularum

68 3549 305 3621 ovidianarum
330 3552 560 3639 narrationes,
589 3574 667 3619 cum
692 3548 944 3646 mythograplro
967 3561 1082 3622 nostro
1108 3575 1190 3621 con·

68 3650 204 3741 tulerit,
232 3675 301 3721 uon
319 3640 397 3722 dico
422 3650 676 3722 similitudinem
696 3650 757 3720 sed
776 3650 916 3722 eandem
948 3676 1191 3747 saepenumero

67 3778 141 3823 rem
164 3753 325 3822 inveniet.
379 3750 432 3823 At
455 3753 545 3824 enirn
571 3753 671 3848 primi
697 3777 833 3850 quoque
859 3752 1100 3851 mytlrographi
1122 3779 1191 3824 uon

67 3851 174 3924 semel
208 3864 341 3942 textus,
384 3878 591 3949 quamquam
623 3852 758 3951 Hygini
791 3881 914 3925 nornen
941 3853 1073 3951 jactat,
1112 3880 1191 3926 cum

69 3952 208 4025 Placidi
235 3954 371 4048 scriptis
397 3956 575 4051 congruit:
612 3953 710 4051 cujus
741 3957 790 4025 rei
816 3955 985 4051 duplicem
1013 3957 1083 4027 l'erc
1110 3983 1191 4027 cau·

69 4080 142 4125 saur
169 4052 432 4150 crederelie015
465 4066 536 4126 tum
563 4057 642 4152 quia
668 4057 826 4127 nimirum
850 4057 1014 4129 Placidus
1036 4058 1191 4155 plagiarii

71 4158 604 4330 litt..{‡{⁵⁰.‘ll..ll'.-⁰.tl'¹
628 4159 714 4331 ‘ll
731 4156 895 4358 llll?
913 4158 999 4335 tl.
1022 4159 1193 4333 llll

342 4303 351 4327 ι
589 4286 599 4339 3
894 4289 910 4331 ι·
964 4289 979 4334 s
1095 4288 1126 4333 cr
1176 4318 1180 4326 .
