2640 5130
338 552 520 656 upum.
546 553 597 629 11.
653 550 909 628 555-555.
1075 552 1194 673 xus

56 720 174 810 canem
193 736 440 808 abstrahendum
462 736 689 814 descenderet,
715 739 817 826 ipsam
839 736 881 804 de
900 736 1007 804 inieris
1028 736 1194 808 reductam

55 825 195 895 Admeto
217 822 367 903 reddidit.
416 822 568 891 Admetus
598 822 688 913 quasi
717 845 811 910 quem
841 822 942 888 adire
969 829 1058 912 petat
1082 836 1195 891 metus

57 913 165 980 dictas
182 921 245 980 est
283 904 389 996 Ἀλκὴ
413 910 627 997 praesumtio
648 906 770 975 dicitur.
824 907 918 993 Hrgo
946 921 1065 988 metus,
1103 931 1195 999 pree-

56 997 248 1064 sumtioncm
270 1016 403 1082 sperans
423 993 483 1059 sibi
503 993 671 1083 conjungi,
702 992 782 1059 duas
804 993 888 1059 feras
911 1015 970 1060 suo
992 993 1098 1061 currui
1119 995 1195 1064 sub·

56 1083 184 1170 iungit,
217 1078 323 1146 idest
346 1077 425 1145 duas
453 1078 583 1146 virtutes
611 1079 746 1166 acquirit
766 1078 859 1143 animi
881 1089 914 1144 et
934 1080 1076 1166 corporis
1084 1101 1094 1160 3
1128 1079 1219 1144 leo-⁶

57 1191 133 1234 nem
155 1177 191 1233 ut
211 1165 356 1231 viruttem
379 1163 491 1242 animi,
524 1185 634 1253 aprum
653 1177 689 1231 ut
709 1164 854 1230 virtutem
887 1165 1039 1251 corporis.
1082 1165 1196 1253 spotti·

55 1275 134 1320 nem
155 1262 189 1319 et
209 1247 382 1316 Herculem
402 1250 462 1314 sibi
482 1249 639 1338 propitiat,
660 1250 693 1316 id
715 1261 764 1315 est
780 1247 964 1337 sapientiam
987 1264 1021 1316 et
1042 1250 1196 1318 virtutem.

54 1339 155 1441 Ergo
173 1335 367 1424 praesumtio
388 1347 488 1401 semet
515 1335 614 1423 ipsam
641 1332 683 1401 ad
713 1345 845 1400 mortem
873 1356 932 1422 pro
961 1335 1064 1402 anime
1093 1347 1196 1403 metus

56 1421 179 1510 obpcit.
221 1420 326 1495 Quam
355 1421 635 1507 praesumtionem,
667 1419 699 1484 in
720 1433 822 1488 morte
852 1417 1071 1503 deficientem,
1097 1420 1195 1490 virtus

55 1509 101 1577 ab
120 1505 231 1575 inferis
253 1516 400 1585 revocat,
421 1516 458 1572 ut
478 1504 635 1573 Hercules
657 1503 743 1573 iacit.
1198 1521 1234 1572 ιο

105 1674 221 1754 155.
289 1670 465 1777 Anguis
493 1672 545 1749 ab
583 1671 786 1750 Hercule
827 1673 1127 1751 interfectus.

144 1800 304 1871 Hercules
339 1799 426 1888 apud
460 1799 671 1888 Sangarium,
712 1799 838 1890 Lydiae
869 1803 1007 1885 flumen,
1053 1826 1192 1893 anguem

81 1886 168 1956 iures
192 1889 336 1955 homines
365 1887 622 1966 interficientem,
655 1895 688 1952 et
715 1888 814 1974 ripam
843 1887 988 1976 frugibus
1018 1890 1193 1961 orbantem.

56 1975 269 2042 interimebat
312 1974 378 2039 Pro
410 1994 474 2060 quo
503 1972 588 2038 lacto
616 1973 657 2037 ab
689 1970 848 2059 Ompbalc
880 1973 1009 2060 regina,
1037 1995 1119 2061 quae
1149 1975 1191 2041 ibi

57 2062 236 2213 rbegnabetd
278 2057 382 2125 multis
413 2066 542 2210 orpptus
569 2054 768 2208 npunerilpus,
811 2059 916 2210 pegus
948 2070 999 2125 est
1034 2061 1193 2211 renitissusli
1200 2073 1234 2123 15

93 2167 163 2213 uus
194 2166 289 2211 eam
320 2163 429 2209 amore
490 2165 519 2207 m
547 2164 584 2207 ve
608 2163 697 2208 emen
714 2163 750 2207 er
781 2164 816 2209 es
864 2164 1030 2221 incensus,
1069 2166 1088 2209 u
1132 2167 1172 2210 co

57 2230 82 2297 d
122 2241 213 2299 catos
235 2224 390 2295 enodaret
408 2241 609 2307 contractus,
648 2238 681 2294 et
701 2226 812 2314 pollice
832 2227 894 2295 fusi
915 2241 1036 2295 rotaret
1063 2230 1192 2318 vertigi-
1297 2227 1302 2257 ¹

57 2338 142 2383 nem.
184 2311 342 2380 Hercules
361 2307 474 2399 ἡρώων
493 2313 603 2389 κλέος,
638 2312 794 2377 virorum
808 2311 959 2399 fortium
981 2312 1080 2396 foma
1111 2313 1192 2381 ,dici-

56 2412 131 2482 tur3
162 2392 316 2486 depuirir
335 2396 528 2463 umbilicus.
568 2394 685 2463 Libido
708 2396 790 2462 enim
819 2398 850 2463 in
884 2398 1029 2464 umbilico
1050 2397 1191 2465 domina·

57 2499 110 2555 tur
122 2427 320 2564 mulieribus,
356 2481 452 2548 Unde
464 2479 650 2558 ostenditur,
671 2482 758 2567 quod
773 2471 871 2549 libido
886 2484 1026 2570 quamvis
1045 2483 1234 2557 invictsmsu
1281 2562 1283 2573 Ι

56 2571 160 2662 possit
179 2589 331 2672 superare
350 2568 512 2646 virtutem3
534 2567 607 2654 quia
629 2587 723 2654 quem
744 2568 853 2637 mnndi
866 2567 1052 2658 magnitudo
1067 2571 1192 2638 vincere
1280 2586 1281 2591 ’

57 2678 122 2731 555
142 2666 266 2747 putuit,
285 2650 419 2722 libidinis
438 2651 535 2721 ardor
554 2651 721 2741 oppressit

459 2821 553 2897 156.
617 2823 789 2924 Eryx.

138 2952 247 3046 Eryx,
280 2950 414 3021 Veneris
433 2961 467 3019 et
485 2952 608 3031 Butae,
645 2949 823 3019 secundum
854 2947 950 3024 ebes,
990 2949 1131 3042 Neptuni
1159 2966 1191 3024 et

55 3039 189 3110 Veneris
209 3040 290 3105 iilius
311 3039 378 3105 suit
433 3037 497 3113 Qui
525 3047 715 3126 praepotens
745 3035 877 3115 viribus,
911 3035 1049 3105 advenas
1070 3050 1228 3128 provo-ss

55 3127 172 3206 sabat,
204 3126 366 3211 victosque
386 3123 569 3212 perimebat
611 3122 693 3203 Qui,
722 3121 849 3189 occisus
871 3122 912 3187 ab
930 3123 1073 3190 Hercule
1092 3145 1190 3212 quum

57 3223 90 3279 et
108 3211 213 3299 ipsum
236 3219 458 3299 provocasset,
489 3209 587 3275 monti
615 3229 654 3272 ex
683 3205 844 3295 sepultura
865 3229 926 3273 555
945 3229 1060 3274 nornen
1088 3207 1189 3299 impo-

55 3295 139 3380 suit,
157 3295 190 3362 in
211 3317 276 3384 quo
295 3294 387 3362 matri
405 3293 499 3361 etiam
522 3293 639 3361 Veneri
656 3291 806 3381 templum
828 3303 1056 3360 construxerat.
1123 3296 1129 3306 '

432 3456 525 3531 157.
585 3459 820 3534 Busiris.
953 3472 956 3489 '

136 3586 260 3656 Busiris
280 3607 337 3690 rex
359 3585 418 3653 luit
439 3584 584 3736 Aegppti.
637 3585 701 3663 Qui
722 3605 819 3674 quum
852 3594 1020 3689 susceptos
1049 3583 1231 3688 bospitesso

54 3674 217 3741 immolare
236 3672 347 3741 solitus
365 3682 469 3748 esset,
492 3695 510 3736 a
557 3670 716 3752 Hercule,
746 3692 842 3759 quam
865 3692 937 3739 eum
958 3683 1055 3741 etum
1076 3673 1189 3739 voluis·

53 3772 104 3829 aet
126 3758 295 3840 occidere,
321 3759 506 3825 interemtos
528 3768 586 3822 est
1026 3765 1032 3778 ·

389 3893 481 3969 158.
547 3891 852 3967 Hercules.
902 3859 905 3867 ¹

135 4024 296 4094 Hercules
316 4024 505 4112 Megaram,
536 4020 683 4088 Creontis
708 4020 859 4086 Thebani
887 4018 1001 4100 fllium,
1027 4017 1188 4120 stuprarit.

55 4110 107 4177 lle
127 4116 198 4200 fqna
227 4111 368 4199 suscepit
396 4111 508 4175 Aream
536 4117 570 4171 et
597 4103 843 4188 Creontiadem,
878 4128 959 4195 quos
987 4108 1115 4174 1555555
1143 4123 1231 4175 55-55

55 4194 169 4266 stinctu
189 4196 298 4301 furore
318 4207 484 4284 correptus
505 4189 630 4258 occidit

374 4335 382 4344 ¹
424 4346 518 4422 159.
573 4348 813 4448 Hnrptns.

135 4478 297 4570 Eurytus,
328 4499 384 4546 rex
405 4474 597 4555 Oechaliae,
628 4472 717 4540 Iolen
742 4470 837 4537 liliam
857 4467 1027 4558 denegavit
1057 4466 1190 4536 Herculi

63 4575 150 4635 antea
169 4563 374 4656 promissam,
403 4559 478 4630 ideo
499 4559 586 4651 quod
608 4581 680 4630 eam
700 4557 804 4626 iuerat
835 4552 1037 4636 dehortatus,
1071 4553 1191 4625 dicerm

803 4671 827 4737 u
