2692 4762
326 273 507 373 upum.
534 274 605 346 ur.
659 277 698 346 c.
751 274 816 350 ar.
1059 278 1138 354 raa

11 453 126 521 Salva
157 477 211 520 res
242 465 295 522 est
316 456 471 523 saltante
492 479 580 522 sene.
628 457 696 525 Sed
716 481 777 526 nec
799 458 919 528 differri
937 482 1029 529 sacra
1049 462 1137 529 auni-

11 539 154 606 versaria
180 540 312 622 licebat,
343 542 417 630 quia
447 563 506 607 uec
537 543 642 608 iterari
671 567 710 610 ex
736 543 810 630 lege
835 559 991 634 poteraut.
1020 547 1137 614 ·Unds

10 626 101 692 idem
122 625 153 690 iu
177 625 305 693 codem:
349 626 494 706 Annua,
522 649 610 714 qnae
632 625 902 717 diffirrenefns.
941 632 1025 698 Nam
1046 655 1138 705 sacra
1178 674 1184 697 ι

11 708 196 778 calendaria
221 713 247 778 si
275 734 337 799 qua
360 711 491 779 luissent
512 711 633 778 ratione
655 714 767 791 dilata,
801 713 930 782 licenter
949 720 1136 805 repeteban-

12 811 85 872 tur,
133 819 193 862 nec
240 797 396 885 piaculum
438 817 569 883 eorum
591 796 827 872 ,intermissione
876 803 1161 870 committebamus

13 882 123 946 Porro
158 883 188 947 in
222 884 343 950 ratione
371 901 535 948 sacrorum
565 894 700 968 pareat
729 892 762 949 ct
794 884 918 951 animae
945 899 977 953 ct
997 889 1140 976 corporis

13 987 125 1032 causa.
168 968 250 1034 Nam
284 968 468 1056 plerumque
497 988 581 1054 quac
613 968 697 1035 circa
721 968 854 1034 animam
879 971 947 1036 fieri
967 984 1139 1060 nequeunt,

13 1053 105 1116 circa
126 1073 241 1140 corpus
272 1054 473 1132 exhibentur,
515 1061 550 1116 ut
576 1051 697 1119 solvere
723 1053 772 1119 rel
798 1053 918 1142 ligare3
955 1079 1019 1159 rpuo
1040 1058 1141 1147 possit

13 1138 141 1216 anima,
160 1137 247 1226 quod
268 1160 327 1227 per
347 1159 383 1204 se
403 1158 466 1202 uon
483 1146 599 1222 potest,
618 1159 658 1204 ex
683 1139 874 1224 cognatione
894 1154 1019 1209 scutrra.
1060 1142 1141 1210 Inde

15 1231 85 1287 cst:
396 1273 399 1279 ·
1146 1246 1182 1296 to

113 1302 227 1368 Unum
247 1313 353 1369 exerta
380 1302 500 1390 perlem
525 1302 669 1385 vinclis,
705 1305 744 1370 in
776 1317 870 1373 veste
896 1304 1059 1374 recincta.

16 1389 56 1453 Iu
71 1388 226 1455 sacrificio
241 1390 320 1455 cuim
342 1385 457 1476 aliquid
476 1386 644 1474 religatum
664 1413 736 1458 esse
750 1391 839 1458 nefas
855 1384 936 1457 'erat
979 1392 1035 1458 Sic
1045 1388 1143 1458 Hele-

19 1497 81 1538 nus
110 1474 195 1575 apud
231 1473 393 1561 Virgilium
436 1473 657 1540 vaticinaturus
700 1475 823 1543 vincula
852 1477 994 1562 corporis
1024 1489 1140 1571 cpocta

18 1558 165 1637 rcsolut,
197 1582 238 1626 ne
272 1582 334 1649 qua
363 1568 454 1647 parte
484 1558 587 1624 auimo
619 1559 751 1647 religato
782 1561 823 1627 ad
852 1583 966 1626 numen
998 1561 1141 1629 accedat.

18 1645 99 1709 Hoc
120 1656 224 1711 autem
245 1647 276 1711 iu
306 1644 381 1746 ipsis
413 1653 535 1710 tantum
557 1644 655 1711 sacris
679 1657 837 1712 serratum
862 1657 919 1712 est.
963 1645 1046 1712 Nam
1068 1659 1183 1713 antero

18 1729 178 1796 sacrificia
199 1730 290 1818 ligari
310 1729 435 1796 licuisse
456 1727 595 1832 victimas
616 1729 776 1800 luvenalis
803 1729 1101 1812 ostenditdicens:

109 1838 177 1904 sed
202 1841 327 1926 procrd
344 1853 523 1907 extensum
538 1839 704 1928 petolans
732 1840 847 1929 quatit
873 1841 988 1906 lrostr'n
1013 1842 1144 1928 sunan.

21 1922 197 1990 Sciendum
217 1926 330 2003 ctiam,
360 1928 391 1993 in
412 1926 511 1994 sacris
532 1923 676 2026 simulata
695 1947 755 2027 pro
776 1926 857 2027 reris
888 1926 1005 1994 baberi
1050 1927 1144 1994 Unde

20 2030 120 2097 qnnm
142 2008 184 2074 de
210 2011 411 2091 animalibus,
442 2033 525 2100 quae
546 2008 674 2075 difficule
695 2022 910 2090 ruremuutur,
943 2025 992 2078 est
1023 2013 1143 2078 sacriti-

21 2094 180 2244 prrpdumi
210 2094 253 2161 <le
278 2119 361 2185 poue
389 2095 436 2163 rcl
460 2117 535 2162 cera
559 2095 655 2174 fiunt,
691 2106 724 2161 et
756 2116 814 2185 pro
835 2096 916 2163 reris
936 2096 1186 2186 accipiuntur.20
1260 2189 1262 2194 Ι

41 2200 195 2245 uses:

110 2265 296 2350 Sparserat
316 2274 349 2328 et
371 2256 492 2329 latices
524 2262 706 2328 ainrnlntoe
735 2259 845 2343 sontis
873 2262 1018 2329 Averni.

23 2347 211 2414 Namatio
234 2349 351 2437 templo
371 2349 462 2416 Isidis
483 2371 566 2438 aqua
587 2369 697 2436 sparsa
715 2345 759 2411 de
780 2346 853 2412 Nilo
877 2369 948 2413 esse
967 2345 1142 2416 dicebatur.

110 2457 162 2524 31.
205 2458 296 2545 Atqui
313 2459 343 2525 in
356 2460 465 2527 ritibus
482 2481 645 2526 sacrorum
665 2457 762 2524 multa
783 2457 961 2525 habebatur
981 2456 1144 2528 diversitas

22 2555 58 2610 et
84 2544 164 2609 mire
194 2545 410 2631 superstitiosa
451 2544 624 2612 curiositas.
688 2543 758 2609 Diis
790 2543 898 2610 inferis
930 2542 1187 2620 sacrificantem

22 2653 107 2716 aqua
129 2632 399 2716 aspergebantur,
427 2642 479 2696 ut:

109 2714 287 2799 Spargens
313 2736 388 2779 rore
411 2713 480 2778 leci
500 2721 534 2776 et
558 2731 653 2773 remo
679 2706 794 2792 felinis
815 2709 926 2776 olivae
970 2745 1014 2758 -

22 2798 148 2900 superis
177 2796 396 2879 abluebantur,
418 2797 480 2864 uti:
526 2794 644 2859 Donec
663 2813 717 2858 me
728 2793 882 2882 flumine
900 2793 977 2862 vivo
997 2792 1146 2860 abluero.

22 2881 95 2949 Dus
116 2883 239 2971 superis
259 2893 383 2950 tuntum
404 2882 557 2954 libabant,
593 2888 645 2944 ut:

109 2995 223 3064 Aulai
241 2996 278 3060 in
301 2991 413 3061 medio
432 2986 590 3056 libabant
609 2987 734 3077 poculo
755 2983 902 3054 Bocclro.
1152 3007 1190 3057 30

22 3079 139 3147 Inferis
153 3102 228 3147 vero
241 3081 372 3147 libantes
397 3077 490 3146 etiam
507 3098 581 3141 rasa
601 3076 632 3141 in
653 3074 761 3163 iguem
782 3071 957 3146 mittebant,
978 3077 1032 3134 ut:
1055 3065 1148 3133 Fuso

22 3176 177 3231 crateres
197 3166 303 3236 olivus
345 3161 411 3230 uod
432 3175 465 3229 et
485 3160 605 3228 Statius
627 3159 658 3224 iu
681 3156 864 3224 Archemori
880 3151 1041 3243 sepultura
1062 3174 1149 3218 com·

24 3261 192 3317 memorat
235 3250 272 3316 ln
293 3187 466 3317 iulerorum
496 3244 696 3311 veneratione
729 3263 894 3308 numerum
923 3259 1051 3327 parem,
1095 3235 1150 3325 qui

68 3333 209 3402 sterioris
239 3334 330 3424 juxta
350 3332 562 3401 arithmeticos
592 3327 755 3417 diguitatis
782 3337 851 3405 cst,
885 3324 1072 3401 servabant,
1098 3332 1147 3388 ut:

22 3357 114 3487 &cce
149 3419 239 3484 dnae
270 3417 358 3495 riti,
395 3416 543 3504 Daphni
549 3439 562 3494 ,-
602 3414 634 3479 io
668 3436 705 3481 su
729 3433 857 3477 crorum
895 3409 1068 3499 imparem,
1097 3416 1190 3487 uttan,

23 3501 184 3568 Numero
216 3504 301 3568 dene
331 3502 465 3590 impare
494 3497 638 3587 gaudet.
696 3435 765 3563 iet
798 3507 831 3562 et
859 3491 918 3559 diis
961 3492 1026 3560 aliis
1065 3490 1149 3557 iacto

22 3586 220 3668 scrobiculo,
241 3585 307 3654 aliis
331 3607 428 3738 saper
448 3596 575 3663 terram,
594 3581 781 3650 caelestibus
803 3600 877 3647 reru
896 3577 1048 3645 extructis
1070 3576 1150 3642 iocis

21 3672 262 3753 sacrificabant;
314 3694 399 3738 une
443 3682 475 3738 et
519 3668 628 3736 altaria
673 3665 803 3756 proprie
834 3665 1013 3767 'nominata
1067 3673 1151 3729 sunt.

23 3758 110 3825 Sunt
133 3769 237 3825 tamen
258 3778 444 3845 superorum
466 3764 499 3822 et
519 3776 595 3821 arae
623 3763 656 3820 ct
677 3751 805 3832 altaria;
835 3749 1007 3814 rulerorum
1029 3757 1150 3850 tantum

24 3864 113 3909 arae.
153 3843 250 3909 Dicta
270 3854 321 3910 ast
355 3854 460 3909 autern
486 3861 542 3905 ara
567 3862 588 3905 a
615 3838 779 3925 precibus,
838 3857 893 3900 uas
923 3835 1040 3899 Graeci
1069 3856 1193 3927 opocen

23 3939 150 3995 vocant
192 3929 230 3995 ln
247 3927 345 3994 sacris
365 3928 458 3994 etiam
477 3921 620 4012 superuis
632 3921 703 3990 rina
721 3857 915 3998 lundeiant,
935 3930 987 3983 ut:
1029 3917 1151 4011 Medro

22 4012 121 4077 inter
137 4034 267 4077 cornua
280 4012 410 4100 fundit
417 4036 429 4090 ,·
450 4013 481 4078 in
497 4010 603 4076 inferia
616 4007 842 4093 invergebant,
864 4017 915 4070 ut:
955 4001 1147 4085 Fronthrre

23 4096 183 4183 invergit
203 4097 285 4161 vina
311 4096 477 4163 sacerdos.
520 4096 584 4162 Est
608 4105 713 4161 autem
734 4088 882 4174 fundere
913 4086 1025 4174 supina
1058 4104 1151 4148 mann

22 4180 144 4260 libare;
175 4180 354 4267 invergere
376 4203 450 4246 vero
479 4201 633 4254 conversa
663 4179 694 4243 in
722 4175 876 4241 sinistram
904 4182 1027 4260 partem
1058 4189 1151 4269 mann

23 4268 70 4335 ita
93 4263 244 4345 sundere,
266 4277 302 4333 ut
323 4277 433 4354 patera
454 4277 663 4336 convertatur.
705 4260 799 4328 Haec
821 4279 896 4324 vero
918 4278 981 4323 non
1000 4253 1194 4321 saculinato
1274 4324 1275 4329 ,

751 4372 793 4440 13
