2640 5130
169 225 226 306 cs
536 228 719 335 nyma..
745 229 779 308 1.
832 227 931 339 nos.

172 413 317 484 Cadmus
341 414 466 506 accepit
485 414 712 497 Hermionem,
743 414 839 483 liliam
862 415 1013 498 Veneris,
1044 415 1152 485 uxoris
1174 413 1307 483 Vulcani

172 512 207 568 et
226 500 357 582 Martis,
378 499 421 567 de
441 523 505 590 qna
524 503 639 589 genuit
656 506 819 589 Agarem,
848 503 1026 584 Semelam,
1057 507 1236 571 Autonoem
1273 510 1307 568 et

172 587 317 655 Inonem.
358 589 470 673 Agere
564 588 611 655 nit
638 587 826 655 Pentheum.
867 587 996 657 Semele
1025 588 1201 657 Bacchum.
1242 589 1307 654 An-

175 678 273 741 tonoei
293 674 465 739 Actaeona.
525 696 581 746 no,
608 694 690 738 uxor
716 672 929 754 Athamantis,
978 684 1030 741 ost
1049 672 1227 762 Neplrelem
1247 693 1306 760 ge-

151 758 245 829 onnit
266 757 418 825 Phrixum
445 767 480 825 et
507 757 639 839 Hellen,
671 757 855 824 Learchum
881 771 916 827 et
968 758 1136 826 elicertam.
1179 756 1306 825 Cadmo

174 844 330 912 succeseit
348 843 477 932 Lycus,
506 843 596 932 cujus
617 854 686 911 erat
705 865 786 910 uxor
803 844 957 932 Antiopa,
983 845 1099 935 Nyctei
1124 842 1204 922 filia,
1233 864 1306 909 cum

174 951 239 1082 pua
259 929 476 1030 concumbens⁸
491 928 637 1017 Juppiter
656 929 687 994 in
708 928 817 1017 specie
838 930 961 1019 Satyri,
1008 929 1095 997 enuit
1115 928 1252 996 Zethum
1273 937 1307 995 et

1021 1015 1029 1025 ι

1025 1036 1028 1047 r

203 1013 398 1103 mphionem,
425 1035 477 1101 qur
499 1013 652 1081 successit
671 1013 783 1103 Lyco,
804 1025 839 1083 et
855 1016 980 1106 aceepit
1032 1016 1144 1093 ioben,
1171 1013 1215 1080 de
1242 1036 1307 1102 qna

175 1100 289 1189 gennit
307 1110 430 1188 septem
450 1097 530 1165 lilios
552 1110 585 1168 et
602 1098 734 1166 totidem
756 1099 846 1167 filias

135 1207 172 1257 lo
259 1185 359 1252 Laius
380 1183 423 1251 de
441 1183 569 1253 Iocasta
591 1185 704 1336 penult
723 1184 895 1276 Oedipum.
937 1181 1083 1274 Oedipus
1109 1182 1153 1251 de
1179 1184 1307 1252 locusta

176 1272 289 1359 gennit
314 1268 481 1338 Eteoclen
519 1283 554 1337 et
622 1269 796 1359 olynicem‚
834 1270 993 1339 ismenem
1034 1283 1068 1338 et
1105 1270 1309 1357 Antigonam.

175 1359 330 1425 Adrastus
355 1356 469 1444 genuit
497 1353 629 1443 Argiam
656 1368 691 1424 et
716 1355 916 1446 Deiphylem.
964 1355 1054 1422 Mors
1084 1357 1199 1444 genuit
1225 1354 1308 1422 Par-

176 1444 333 1511 thaonem.
381 1440 544 1508 Parthaon
575 1440 688 1528 gennit
717 1442 875 1509 Oeneum.
922 1437 1076 1508 Thestius
1142 1441 1230 1510 enuit
1256 1438 1308 1505 Al-

177 1529 325 1605 thaeam,
356 1524 504 1594 'l'oxeom
532 1536 568 1595 et
592 1527 682 1595 Pleni
706 1549 792 1616 pum.
840 1527 971 1594 Oeneus
999 1523 1042 1592 de
1064 1525 1101 1593 Al
1137 1549 1176 1591 ea
1196 1524 1309 1613 genuit

135 1624 170 1677 ro
178 1613 375 1701 Meleagrum
395 1624 430 1680 et
455 1613 601 1700 (lorgem
621 1624 656 1680 et
708 1613 867 1681 cianiram.
908 1610 1075 1699 Meleager
1094 1611 1206 1699 gennit
1224 1610 1307 1678 Par·

175 1699 273 1769 theno
296 1719 398 1764 neum.
425 1694 603 1786 Tydeus'l'
626 1695 744 1779 didem,
764 1699 817 1787 qui
840 1697 900 1765 luit
920 1698 985 1764 dux
1005 1698 1037 1764 in
1052 1695 1195 1785 'l'rojano
1216 1694 1308 1762 bello.

277 1797 340 1852 tem
366 1784 514 1872 luppiter
540 1781 583 1848 de
658 1795 750 1865 tona,
784 1782 848 1851 lilia
872 1783 972 1863 Coei,
1001 1783 1115 1869 genuit
1134 1782 1307 1872 Apollinem

175 1878 210 1938 et
239 1868 386 1937 Dianam.
443 1865 631 1935 Secundum
667 1866 823 1958 quosdam
851 1869 961 1937 Coeus
988 1867 1049 1935 luit
1075 1866 1155 1935 lilius
1188 1865 1307 1948 Titani,

175 1954 248 2043 qni,
269 1952 483 2023 concumbens
503 1968 577 2021 oum
597 1953 714 2033 Terra,
733 1954 847 2043 gennit
869 1951 1040 2020 duodecim
1060 1952 1160 2034 lilios,
1182 1954 1236 2041 qui
1257 1953 1305 2017 in·

133 2057 342 2111 ”surrexere
364 2048 476 2106 contra
495 2037 584 2106 deos.
624 2038 736 2129 Apollo
757 2061 833 2105 vero
854 2050 888 2107 et
905 2038 1027 2118 Diana,
1053 2039 1129 2126 quia
1146 2061 1210 2105 non
1230 2058 1307 2106 con-

176 2136 344 2277 senserupp
362 2123 519 2278 inirynitatit
535 2144 664 2207 eornm,
680 2123 1039 2280 bcauplestemmrneruepte
1058 2124 1216 2279 mullei}
1234 2143 1308 2276 cpp-

175 2233 258 2279 rum.
339 2232 388 2276 ern
431 2231 451 2275 u
495 2231 841 2278 rerconcuurcum
897 2232 947 2277 aa
1075 2232 1148 2277 enm
1215 2230 1252 2275 er
1292 2247 1308 2261 ·

175 2297 267 2363 rium
310 2233 543 2364 Vulcanuipde
567 2296 704 2376 semine,
738 2318 798 2363 seu
828 2236 969 2376 lemoie',
997 2230 1142 2364 Jurlonie.
1191 2293 1308 2374 Pallae,

199 2404 261 2449 uae
289 2392 324 2449 et
346 2380 506 2463 hlinerrs,
536 2378 580 2447 de
600 2383 735 2449 cerebro
754 2380 851 2449 Joris.
891 2363 1010 2450 Heben
1055 2382 1143 2449 enuit
1160 2381 1244 2448 Jnno
1265 2377 1309 2445 de

134 2485 171 2537 aa
197 2488 274 2547 ore3
292 2463 470 2534 secundum
490 2464 664 2555 quosdam,
685 2466 728 2533 de
745 2466 882 2535 lactuca.
919 2467 1002 2535 Item
1023 2401 1132 2534 lenus
1152 2466 1195 2533 de
1215 2476 1319 2559 natu·-

177 2553 294 2619 ralibus
326 2552 473 2634 Saturni,
506 2574 527 2619 a
560 2552 642 2619 Jore
673 2551 717 2619 de
743 2575 846 2655 regno
878 2552 1008 2641 expulsi.
1051 2550 1133 2619 ltem
1159 2551 1308 2640 luppiter

178 2637 351 2705 concubuit
377 2659 450 2704 cum
469 2636 599 2717 Danao,
619 2636 684 2706 fita
703 2638 830 2719 Acrisii,
850 2650 884 2706 et
931 2638 1017 2706 enuit
1035 2658 1075 2704 ex
1089 2659 1129 2705 eu
1142 2638 1308 2706 Perseum.

177 2724 260 2791 Item
280 2723 453 2791 concubuit
473 2745 546 2817 cnm
567 2721 678 2803 Leda,
708 2745 809 2791 uxore
828 2660 991 2814 Tyndari,
1021 2723 1052 2787 in
1073 2725 1182 2811 specie
1201 2744 1241 2813 cy
1268 2721 1309 2787 ni.

178 2809 260 2878 lude
277 2806 342 2876 duo
364 2830 424 2876 ora
443 2820 519 2878 unta
539 2819 630 2891 sunt,
656 2829 696 2876 ex
717 2830 853 2897 quornm
874 2807 974 2877 altero
995 2808 1113 2877 Castor
1130 2820 1164 2880 et
1184 2743 1308 2888 Pollux,

136 2909 219 2964 noer
239 2893 300 2966 allo
321 2895 554 2986 Clyte-nestra
575 2904 609 2962 et
628 2893 753 2963 Helene
772 2907 868 2962 natae
888 2906 970 2963 snut

260 2979 433 3072 Lycurgus
486 2979 573 3047 enuit
599 2977 778 3070 Phyllidem
800 2993 834 3048 et
852 2980 1090 3049 Archemorum.
1131 2978 1246 3046 Aeetes
1266 2974 1309 3043 de

177 3068 214 3136 H
236 3088 314 3156 psea
333 3065 446 3154 genuit
459 3001 599 3134 hostem
622 3087 663 3131 en
683 3079 718 3135 et
738 3066 884 3133 Medeam
904 3077 938 3133 et
956 3065 1132 3154 Absyrtum.
1159 3063 1308 3131 osidius:

220 3175 263 3217 on
284 3151 430 3240 Hypsea
473 3173 578 3217 arena
671 3150 736 3216 lcio
760 3174 843 3240 eque
870 3172 976 3216 soror.
1017 3149 1171 3217 Admetus
1194 3148 1237 3215 de
1256 3146 1308 3217 Al·

180 3248 270 3305 ceste
299 3236 413 3322 gennit
470 3236 548 3303 ham
577 3246 611 3303 et
642 3175 867 3303 Stenoboeam.
916 3234 984 3302 Pro
1015 3235 1095 3301 Nise
1124 3230 1308 3301 serviritei

137 3322 289 3474 8⁵iiiii
303 3322 555 3474 'mlta
573 3318 1093 3475 Stltlttttttlp‘ltt’
1115 3318 1308 3472 ‘ttltltt

203 3432 354 3570 tlosdam,
387 3491 497 3581 Apollo
526 3427 698 3559 conhobuit
724 3516 797 3560 cum
824 3430 953 3570 Elhea,
983 3502 1015 3558 et
1043 3452 1155 3641 ffichuit
1182 3490 1309 3556 Circen.

178 3517 269 3645 ldem
297 3577 410 3730 {ppuit
437 3577 626 3679 Pasiphaen.
667 3577 747 3682 Item
776 3577 920 3666 Juppiter
949 3597 1051 3679 concu
1076 3575 1121 3642 nit
1151 3573 1309 3679 'cumOEEu-

138 3686 293 3816 ..ltro
320 3664 710 3835 ,tlttlttnttll‘
732 3685 907 3816 ”iniri
927 3656 1309 3834 Attal‘tltlttlff

179 3832 357 3912 Ariadnen,
387 3844 422 3901 et
446 3833 662 3919 Androgeum.
713 3834 890 3913 Ariadnen,
922 3834 953 3899 in
985 3831 1086 3898 insula
1120 3853 1140 3896 a
1177 3829 1308 3896 Theseo

178 3919 338 3994 relictam,
361 3919 486 4005 accepit
504 3918 665 3997 Bacchus,
685 3921 860 4008 genuitque
880 3941 919 3985 ex
941 3940 978 3983 ea
1001 3918 1160 3984 Thoanta.
1196 3915 1308 3982 'I'hoas

179 4006 293 4091 genuit
312 4003 525 4093 Hypsipylen,
562 4026 645 4089 qnae
667 4002 829 4072 habitabat
848 4006 880 4070 in
900 4004 1025 4069 Lemno
1046 4002 1153 4067 insula.

262 4090 397 4157 Laertes
415 4089 527 4175 genuit
547 4089 681 4156 Ulixem.
715 4091 821 4165 Ulixes
840 4089 883 4155 do
903 4089 1066 4175 Penelope
1083 4085 1195 4173 genuit
1211 4083 1307 4150 Tele·

137 4173 336 4244 eumachum.
386 4174 573 4242 'Peucontns
610 4174 723 4257 genuit
752 4173 965 4241 Palamedem.
1014 4172 1170 4260 Nauplius
1198 4169 1310 4256 genuit

180 4259 368 4351 Telephum.
398 4262 537 4330 Antenor
552 4259 665 4353 genuit
680 4260 874 4331 Artilocbum
895 4272 928 4330 et
944 4264 1126 4329 Acamanta.
1157 4256 1308 4324 Phoebus
