2640 5130
74 618 80 623 ·
152 598 231 676 aaa
426 595 606 702 myrran.
634 592 686 672 11².
742 597 821 674 raa
841 597 1007 675 -rarq

375 776 467 854 192.
519 782 736 883 sluppiter
771 795 816 858 et
852 784 1052 858 Electra.

234 907 380 999 luppiter
399 927 472 975 cum
491 907 638 990 Electra,
660 909 788 978 Atlantis
806 910 878 989 lilia,
901 911 1044 980 Corinthi
1065 907 1150 977 reis
1171 912 1280 979 Italiae

152 1008 263 1077 uxore,
286 993 464 1061 concubuit.
506 994 573 1061 Sed
596 1017 636 1061 ex
656 995 743 1061 Jovis
763 996 882 1062 semine
904 1010 994 1065 natus
1021 1009 1070 1064 est
1099 932 1278 1078 ilardanns,

155 1104 193 1148 ex
217 1079 361 1149 Corinthi
380 1077 500 1158 Iasius,
530 1079 584 1167 qui
611 1079 801 1158 Thraciam,
838 1082 892 1147 nbi
917 1095 967 1150 est
995 1082 1127 1161 Samos,
1165 1085 1275 1162 tenuit,

128 1182 247 1254 aquam
269 1163 518 1232 Samothraciam
538 1165 716 1233 nominarit
756 1165 926 1234 Dardanus
948 1188 1039 1244 vero,
1063 1190 1101 1233 ex
1123 1190 1276 1255 responso

151 1251 255 1317 locum
276 1262 417 1328 mutans,
449 1249 624 1339 Phrygiam
659 1249 761 1330 venit,
796 1252 944 1341 Trojam,
978 1274 1074 1342 parva
1096 1252 1128 1316 in
1148 1254 1275 1319 vallibus

151 1336 308 1403 collocans
328 1333 490 1412 aedilicia,
518 1334 675 1417 condidit,
701 1358 834 1423 eamque
866 1360 905 1403 ex
926 1361 985 1404 suo
1005 1337 1129 1402 nomine
1147 1336 1275 1403 Darda-

150 1422 234 1488 niam
254 1421 430 1488 nominarit.
450 1437 454 1442 ’
471 1420 552 1488 Post
573 1420 662 1511 cujus
687 1423 804 1488 obitum
823 1422 952 1489 Teucer
967 1423 1009 1487 de
1024 1424 1121 1489 Creta
1136 1423 1273 1499 verricus,

147 1506 264 1595 junctis
284 1505 342 1573 sibi
364 1501 506 1571 Dardani
523 1506 635 1587 sociis,
665 1528 757 1572 arces
783 1518 816 1573 et
833 1509 956 1573 moenia
984 1507 1148 1574 constituit
1192 1509 1274 1574 Post

14 1655 16 1659 ,
110 1609 246 1744 unguem
282 1590 523 1672 Erichthonius,
570 1589 712 1658 Dardani
743 1589 838 1672 filius,
876 1594 1027 1695 regnavit.
1084 1593 1146 1658 Cui
1186 1593 1272 1657 Tros

174 1679 230 1744 lius
250 1699 342 1755 suus,
363 1676 496 1764 'frojam
512 1699 550 1743 ex
569 1699 606 1743 se
627 1699 759 1757 vocaus,
785 1692 947 1745 successu.
988 1678 1051 1751 Qui
1071 1699 1166 1764 qrrum
1192 1677 1273 1742 duos

118 1813 128 1820 .
152 1763 254 1866 f¹ll⁰⁵r
275 1761 353 1828 llum
366 1771 400 1828 et
419 1767 625 1842 Assaracum,
651 1763 835 1849 genuisset,
863 1762 926 1829 llus
946 1762 1044 1851 major
1065 1776 1156 1840 natu,
1189 1765 1274 1828 'l'ro-

148 1871 217 2001 Lam
248 1869 288 1913 ex
319 1868 378 1914 suo
404 1847 530 1914 nomine
556 1847 679 1914 llium
708 1869 840 1926 vocans,
881 1869 1015 1936 reguum
1036 1848 1184 1929 obtinuit,
1220 1848 1275 1935 qui

182 1930 419 2017 comedontem,
451 1931 570 2000 Priami
590 1942 730 2022 patrem,
763 1931 882 2020 genuit

110 2164 146 2217 ru
440 2105 444 2113 s
504 2132 598 2210 195.
651 2133 914 2211 Laomedon.

232 2259 437 2343 Laomedon,
483 2283 541 2330 rex
578 2262 755 2352 Trojanus,
784 2283 880 2348 quum
901 2259 1031 2349 'I'rojarn
1054 2258 1275 2329 aedificaturus

150 2360 258 2428 esset,
272 2350 421 2437 Neptuno
442 2357 476 2415 et
496 2347 646 2437 Apollini,
679 2348 721 2414 ad
742 2347 871 2415 civitatis
901 2346 1166 2414 constructionem
1198 2369 1273 2412 con

150 2436 272 2514 ductis,
303 2445 422 2501 certam
443 2431 485 2501 ad
505 2454 598 2500 sacra
626 2431 769 2500 iacienda
796 2431 958 2520 pecuniam
987 2429 1128 2512 devorit3
1167 2454 1274 2518 quam,

149 2520 381 2586 imminentibus
418 2518 596 2622 promissis,
642 2518 684 2585 ad
720 2538 879 2584 murorum
923 2516 1073 2582 fabricam
1109 2517 1274 2584 transtulit

107 2606 320 2692 quuumque
333 2626 517 2692 promrmam
536 2603 720 2673 mercedem
735 2624 893 2669 murorum
918 2603 1068 2687 Neptuno
1089 2614 1123 2669 et
1142 2602 1273 2690 Apollini

148 2690 356 2776 denegasset,
392 2689 560 2778 Neptunus
590 2689 688 2757 iratus
722 2687 841 2776 'l'rojae
877 2687 1003 2753 immisit
1034 2699 1130 2753 octos.
1181 2685 1276 2752 Unde

147 2776 257 2875 Apollo
279 2773 456 2854 consultus,
477 2797 573 2875 quum
595 2786 628 2841 et
646 2776 714 2864 ipse
732 2774 936 2844 irasceretur,
966 2772 1122 2838 contraria
1143 2792 1274 2860 respon-

54 2880 56 2886 *
147 2859 211 2940 «ht,
232 2858 356 2939 dicens,
387 2859 596 2924 ob’icrendnr
615 2861 697 2949 puel
710 2881 750 2923 as
772 2855 899 2944 nobiles
920 2855 1040 2920 beluis.
1081 2858 1186 2930 Quum
1218 2879 1274 2922 au-

151 2957 215 3011 tem
256 2945 391 3033 rincipes
453 2944 631 3035 rojanorum
656 2942 932 3032 expostularenta
964 2940 1200 3020 Laomedonte,
1239 2952 1275 3007 ut

103 3046 140 3096 25
171 2967 356 3097 estildntiam
376 3028 489 3096 beluae
508 3029 603 3097 filiam
621 3029 777 3098 tradendo
796 3026 939 3102 sedaret,
961 3027 1103 3092 omnibus
1119 3025 1276 3093 'audacior

152 3115 295 3182 Pheseus
325 3137 438 3202 regem
465 3116 653 3194 accusabat,
685 3115 758 3203 quia
788 3113 882 3181 filiam
909 3110 1000 3200 objici
1030 3111 1139 3178 beluae
1166 3110 1275 3181 noluit.

144 3198 218 3265 Rex
246 3199 344 3266 iratus
376 3221 448 3266 eum
476 3200 609 3267 interfici
636 3201 745 3292 jussit,
786 3209 959 3289 posteaque
988 3195 1080 3273 dixit,
1120 3196 1274 3260 omnium

132 3281 241 3366 filins
277 3283 396 3349 beluac
429 3284 629 3350 tradendas.
682 3286 794 3373 ltaque
823 3283 910 3350 multi
942 3281 1019 3347 filias
1047 3303 1140 3359 suas,
1183 3280 1273 3346 minis

145 3368 231 3454 regis
260 3369 380 3447 territi,
419 3371 646 3438 mercatoribus
678 3371 737 3438 alio
773 3366 1029 3457 transportandas
1065 3362 1273 3440 tradiderunt,

101 3475 253 3524 aoearum
291 3453 462 3522 absentiam
499 3455 634 3534 facilius,
666 3479 760 3544 quam
792 3470 922 3522 mortem
951 3451 1126 3524 tolerantes.
1176 3448 1273 3524 Quod

141 3560 240 3625 quum
260 3537 370 3617 lieret,
407 3540 563 3640 Hippotes
584 3541 710 3629 quidam
732 3541 843 3607 nobilis
864 3540 975 3606 timeus
1001 3537 1083 3602 filiae
1104 3536 1273 3622 Segestae,

141 3642 182 3687 na
218 3618 261 3689 ad
291 3634 379 3689 cetos
407 3624 612 3706 ueheretur,
656 3627 834 3716 impositam
863 3648 933 3690 eam
962 3622 1029 3687 nari
1063 3620 1161 3701 misit,
1208 3641 1273 3705 quo

141 3705 208 3771 fors
238 3705 409 3774 obtulisset
500 3732 558 3776 aec
589 3709 631 3776 ad
657 3710 798 3780 'Siciliam
820 3710 940 3788 delata,
969 3704 1143 3773 aGrimiso
1166 3705 1272 3780 fluvio,

140 3788 172 3853 in
195 3811 302 3856 ursum
326 3792 375 3857 vel
396 3814 507 3860 canem
529 3817 698 3877 converso,
726 3819 896 3886 oppressa,
923 3799 1056 3860 Acesten
1077 3788 1189 3868 edidit,
1219 3788 1273 3876 qui

99 3891 181 3940 aaex
203 3876 311 4024 rdpadpris
340 3877 466 3943 numine
494 3879 666 3964 civitatem,
695 3905 778 3971 quae
800 3880 897 3949 bodie
923 3879 1060 3966 Segesta
1085 3875 1274 3957 nominatur,

141 3979 234 4024 cour
269 3970 291 4027 t.

374 4128 487 4205 191.Ι
523 4137 750 4211 Tithonus
778 4152 819 4236 et
846 4135 1037 4212 Aurora.

157 4274 160 4279 ·
223 4254 382 4324 Tithonus
405 4259 502 4326 irater
516 4261 743 4329 Laomedontis
766 4264 832 4330 luit.
875 4265 973 4328 Hunc
995 4264 1116 4327 Aurora
1133 4267 1271 4324 amatum

140 4338 173 4404 in
201 4340 322 4407 caelum
357 4344 474 4411 levavit.
528 4347 589 4419 Qui
619 4369 714 4432 quum
755 4360 866 4436 postea
901 4347 1159 4435 longinquitatem
1190 4343 1272 4408 vitae

100 4421 291 4502 todelleret,
322 4426 354 4492 in
377 4426 519 4493 cicadam
540 4453 710 4498 conversus
733 4445 793 4499 est.
837 4431 901 4498 Hic
931 4433 1025 4498 etiam
1053 4431 1147 4496 lilium
1168 4450 1271 4506 suum,

140 4508 342 4608 Memnonem
365 4511 570 4599 Aethiopem,
602 4537 640 4581 ex
670 4520 793 4585 Aurora
821 4513 1039 4605 progenitum,
1078 4515 1118 4582 ud
1152 4513 1272 4601 'l'rojac

140 4593 222 4660 mrsit
242 4594 365 4665 auxilia
459 4660 461 4665 ,
