2640 5130
346 582 527 686 nyuagr.
556 584 608 656 11.
662 579 911 656 rar-rsa.
1039 685 1045 692 ι
1114 540 1194 663 r'ar

67 766 265 844 Cerberum,
291 768 373 836 haec
392 780 442 838 est
461 768 560 850 ratio,
590 768 664 857 qnia
685 789 725 835 cu
747 764 875 835 iditstes
895 789 1005 837 omnes
1026 781 1059 839 et
1079 784 1193 842 cuneta

67 852 141 919 ritis
162 865 287 919 terrena
308 853 475 923 contemsit
491 865 525 921 et
552 852 683 922 domuit
764 876 814 920 nm
836 855 997 923 Cerberus
1017 870 1067 925 est
1096 871 1192 936 terra,

65 939 264 1005 eonsumtrix
299 940 438 1007 omnium
475 940 664 1029 corpornm3
706 938 793 1004 unde
823 951 857 1006 et
883 939 1046 1009 Cerberus
1076 943 1191 1024 dictus,

63 1023 161 1173 bimi
180 1017 373 1113 κρεοβόρρς,
401 1026 435 1091 id
466 1037 515 1092 est
541 1047 681 1090 carrrem
710 1045 845 1088 vorans.
894 1024 990 1092 Unde
1021 1027 1137 1114 legitur
1157 1032 1189 1096 in

94 1106 218 1194 irgilio:
254 1109 346 1174 Ossa
371 1132 474 1211 super
501 1107 685 1194 reprobatam
721 1130 794 1174 nam
827 1129 956 1178 caruem
981 1112 1074 1181 citius
1104 1123 1214 1182 tensa

62 1194 732 1368 trttrsrtt‘t‘tttsitt‘tdttffl
739 1191 1004 1362 tabitha:
1038 1200 1192 1372 hatti}

62 1362 194 1443 labore,
227 1362 313 1429 iacta
344 1364 402 1431 sibi
437 1364 573 1453 populea
605 1384 743 1442 corona,
785 1375 883 1451 caput
917 1366 1037 1434 reiasse
1066 1369 1191 1439 dicitur.

61 1447 163 1514 Unde
181 1447 326 1514 fohorum
359 1471 434 1537 pars
459 1450 608 1529 interior,
642 1448 837 1536 temporibus
872 1450 1060 1531 cohaerens,
1097 1457 1192 1546 capiti

58 1532 217 1599 sudorem
238 1532 351 1614 aarum
373 1558 447 1624 pars
468 1557 543 1602 rere
564 1534 701 1602 exterior
720 1546 851 1622 propter
867 1535 1038 1605 inferorum
1053 1541 1235 1615 coloremre

60 1619 160 1705 nigra
177 1618 358 1706 permansit.
400 1622 503 1694 Quem
524 1621 598 1723 quia
628 1619 759 1687 Charon
788 1631 885 1687 nauta
912 1625 1071 1713 suscepit,
1108 1649 1192 1695 anno

58 1704 110 1768 int
157 1725 194 1769 ro
215 1704 247 1769 in
269 1704 474 1795 compedibus
495 1707 562 1773 furt.
604 1704 671 1771 Sed
703 1704 861 1772 Hercules
881 1706 1028 1793 quidem,
1063 1711 1193 1801 objecta

58 1789 122 1855 sibi
178 1810 298 1876 egaera
319 1810 339 1854 a
358 1793 502 1871 Junone,
528 1790 644 1859 dicitur
666 1789 794 1858 territus
814 1790 1024 1861 exhorruisse.

423 1980 514 2057 ibi.
575 1982 824 2058 Diomedes.

143 2109 338 2190 Diomedes,
370 2130 427 2175 rex
447 2109 631 2186 Thracum,
671 2108 781 2183 habuit
809 2130 927 2196 equos,
961 2110 1016 2200 qui
1043 2109 1235 2181 humanisrc

58 2195 210 2265 carnibus
234 2197 451 2263 vescebantur.
495 2194 601 2269 Quum
624 2193 710 2261 multi
743 2214 818 2261 vcro
839 2194 907 2297 ejus
927 2193 1064 2284 hospitio
1084 2196 1192 2286 hospi·

60 2294 111 2349 tes
131 2281 329 2360 interissent,
359 2278 517 2346 Hercules
549 2281 590 2349 ab
616 2300 656 2344 eo
684 2279 717 2344 in
746 2277 914 2370 hospitium
944 2293 1114 2370 receptus,
1149 2306 1192 2350 ue

58 2370 102 2433 ab
122 2365 240 2434 eodem
259 2368 488 2434 circumventus
531 2366 644 2445 eriret,
664 2387 737 2431 eum
758 2387 913 2452 equorum
932 2388 1063 2435 suorum
1110 2369 1191 2436 abu·
1222 2412 1225 2420 ·

58 2451 123 2519 tam
148 2453 242 2533 iecit;
266 2463 299 2519 st
316 2473 417 2540 ‘equos
438 2472 493 2517 eos
519 2473 580 2531 em,
602 2448 710 2515 occiso
728 2449 881 2529 crudeiit
904 2472 1014 2534 ranno,
1034 2454 1076 2519 ab
1100 2465 1192 2522 uctos

57 2537 101 2605 ad
121 2538 216 2605 solita
235 2537 359 2625 pabula,
379 2535 413 2602 id
431 2547 481 2603 est
499 2533 542 2601 ad
564 2538 718 2623 gramina,
739 2534 854 2604 mollita
875 2475 1000 2607 ieritate
1020 2540 1227 2624 revocaritao

58 2634 95 2692 et
111 2623 178 2690 titio
197 2644 257 2690 suo
278 2621 410 2690 Chremi
431 2619 594 2689 habendos
616 2620 783 2715 concessit

432 2803 525 2880 152.
579 2803 813 2906 Geryon.

144 2931 277 3022 Geryon
304 2953 361 3001 rex
393 2931 453 3000 t'uit
478 2931 652 3021 Hispaniae
677 2929 883 3012 trimembris,
905 2950 1040 3009 ‚mnam
1068 2931 1190 3002 habeus

58 3015 237 3106 bicipitem,
269 3040 365 3106 quem
385 3016 560 3097 Hercules,
591 3016 633 3083 ad
653 3040 726 3084 eum
746 3016 807 3087 clia
827 3037 924 3084 aerea
943 3028 1072 3096 rectus,
1103 3019 1190 3084 ocei-

57 3100 112 3169 dit.
153 3098 236 3168 Ideo
254 3116 361 3170 autem
380 3103 476 3170 ternis
495 3102 643 3170 membris
671 3103 822 3189 fingitur,
872 3102 924 3168 uia
949 3101 1050 3169 tribus
1079 3102 1233 3171 insumas

56 3185 214 3276 praefuit,
245 3211 329 3276 quae
348 3188 510 3278 subjectae
531 3198 606 3255 sunt
633 3187 825 3274 Hispaniae,
884 3186 1040 3253 alearicae
1069 3187 1192 3277 majori,

58 3274 191 3352 macri,
217 3282 251 3340 st
272 3274 433 3363 Pityussa.
474 3274 528 3341 Ob
548 3273 612 3340 boc
628 3273 722 3340 etiam
745 3272 877 3360 fingitur
898 3269 958 3337 bici
980 3271 1056 3338 item
1078 3295 1192 3340 mnem

58 3356 226 3435 babuisse,
255 3358 331 3446 quia
351 3370 383 3426 et
403 3359 544 3427 terrestri
565 3371 598 3426 et
618 3357 718 3424 navali
738 3356 911 3426 certamine
935 3295 1101 3444 piirrimurn
1175 3397 1192 3411 ·

56 3443 125 3510 mis
166 3443 266 3510 Hanc
286 3443 441 3510 Hercules
462 3445 555 3524 vicit,
576 3445 736 3531 bovesque
756 3442 824 3532 ejus
845 3440 987 3508 abduxit.
1028 3441 1093 3517 Qui
1112 3380 1190 3510 iiio

56 3527 188 3615 sigism
209 3527 251 3594 ad
279 3551 352 3596 eum
373 3529 434 3595 otia
455 3551 551 3595 aerea
570 3540 784 3608 transvectus,
819 3524 908 3615 quod
938 3524 1049 3593 habuit
1072 3549 1230 3602 neaeman

57 3612 174 3680 ranan
211 3625 246 3681 et
277 3637 353 3681 aere
386 3616 546 3681 munitam.
600 3613 777 3680 Revertens
812 3624 917 3679 autem
952 3611 1111 3679 Hercules
1147 3612 1191 3681 de
1248 3686 1251 3700 ,

56 3697 215 3785 Hispania
242 3721 300 3786 per
329 3698 555 3787 Campaniam,
595 3698 627 3762 in
668 3697 806 3787 quadam
835 3697 960 3764 civitate
993 3698 1190 3786 Campaniae

58 3806 206 3871 pompam
241 3784 290 3850 sui
325 3784 473 3870 triumphi
507 3781 662 3857 exhibuit,
705 3806 744 3849 ex
779 3804 842 3870 qua
866 3781 1041 3871 Pompejae
1073 3783 1191 3851 dicitur

57 3869 176 3937 civitas.
219 3868 339 3937 Postea
359 3869 446 3936 'trata
465 3868 561 3936 Ba'as
584 3868 706 3933 caulam
729 3868 831 3934 bobus
853 3866 948 3942 fecit,
970 3879 1004 3934 et
1024 3891 1095 3934 eam
1116 3891 1189 3958 sep-

55 3952 107 4021 sit.
151 3952 217 4028 Qui
238 3954 326 4020 iocus
343 3895 477 4020 lioauiia
498 3894 601 4020 ‹iictus
622 3964 687 4019 est:
717 3974 788 4019 nam
809 3951 905 4018 hodie
924 3951 1027 4018 Boaie
1048 3965 1231 4021 vocaturae

56 4035 183 4105 Deinde
203 4037 246 4106 ad
266 4038 387 4109 Italiam
409 4040 555 4121 veniens,
583 4038 624 4104 ab
644 4036 796 4105 Evandro
816 4038 848 4104 in
870 4036 1038 4128 hospitium
1057 4061 1189 4130 suscep-

56 4134 108 4193 tas
128 4136 190 4193 est.

415 4224 509 4361 t53.
569 4287 836 4363 Evander.

140 4411 293 4481 annuat
321 4415 420 4480 Areas
453 4414 531 4495 snit,
569 4437 669 4504 nepos
696 4411 869 4493 Pallantis,
906 4408 993 4497 regis
1023 4410 1213 4479 Arcadiae,

58 4500 123 4566 Hie
143 4513 267 4587 patrem
288 4521 380 4565 suum
402 4500 521 4566 occidit
547 4499 720 4586 (suadente
747 4512 848 4565 matre
867 4494 1070 4574 Nicostrata,
1105 4517 1231 4585 quaeso

58 4588 152 4654 man
173 4585 352 4654 Carmentis
373 4583 459 4653 dista
488 4594 555 4665 est,
588 4585 662 4674 quia
688 4579 904 4653 carminibus
931 4579 1186 4665 vaticinabatur),
