2692 4762
321 271 502 372 lllytlrngr.
533 269 604 345 ΠΙ.
659 268 723 345 12.
777 270 920 352 d—b.
1111 275 1195 352 245

70 474 128 517 seu
150 450 237 540 qnod
259 450 424 515 vinolentia
448 448 602 516 feritatem
624 463 776 537 generet,
797 475 855 520 seu
876 450 963 542 qnod
987 454 1057 520 rino
1078 457 1192 524 effera·

71 550 125 602 tae
144 554 267 604 mentes
289 534 494 602 mulceantur.
536 533 631 604 Unde
656 548 689 603 et
706 537 855 607 Lenaeus
876 538 963 624 iuxta
986 539 1191 626 Fulgentium

69 622 203 702 dicitur,
238 623 327 709 qnasi
356 619 538 684 lenitatem
559 632 759 706 praestans.
811 621 927 690 Iisdem
957 623 1126 692 decausis
1157 639 1190 695 et

68 707 226 785 Bacchas,
243 731 261 771 n
275 704 470 770 bacchando
481 703 546 769 sire
560 706 600 769 ab
614 704 682 792 ipso
694 707 826 774 Baccho
840 707 951 786 dictas,
971 710 1189 791 eisaeramus3

68 815 149 879 quas
160 806 193 859 et
203 793 287 878 ipsas
299 811 532 876 nonnumquam
541 788 599 868 rel,
613 802 647 854 nt
658 790 701 857 ait
710 791 905 868 Lactantius,
919 793 1212 880 liuguablaeedo·n

67 900 161 958 num,
184 878 251 953 vel,
268 887 303 941 ut
323 874 394 940 alibi
413 872 548 960 legitur,
569 897 588 940 a
610 876 864 966 Graeco,quod
878 876 1041 964 furorem
1067 880 1188 967 signifi-

67 974 140 1042 cat,
160 960 375 1039 Mimallones;
406 969 440 1025 et
459 980 480 1024 a
499 959 628 1024 Graeco
648 961 802 1044 pulsata,
824 961 910 1052 qnod
930 962 1024 1043 item,
1054 976 1089 1031 ut
1108 965 1187 1052 legi-

65 1070 149 1128 mus,
167 1045 294 1134 furere
309 1046 544 1131 interpretatur,
564 1042 736 1111 Maenades
758 1058 965 1135 nuncupatas,
987 1049 1017 1114 ei
1032 1051 1187 1118 ministras

66 1131 137 1197 dari
164 1132 306 1198 dicimus.
356 1128 441 1195 Nam
475 1125 562 1216 quod
589 1150 610 1194 a
636 1123 732 1217 μήνη
764 1132 850 1197 lunc
888 1131 1061 1201 Maenades
1093 1137 1185 1224 quasi

64 1218 261 1294 lunatione,
287 1214 319 1280 id
341 1224 409 1294 est,
442 1210 634 1279 admodum
655 1211 861 1283 lunaticorum
884 1217 1041 1301 furentes,
1064 1238 1227 1289 nuncu-10

65 1300 251 1388 patuerint,
274 1300 376 1385 magis
398 1299 605 1400 compositum
627 1320 721 1385 quam
750 1322 859 1367 rerum
881 1301 1013 1368 videtur.
1054 1304 1184 1406 Lynces

64 1385 96 1450 ei
116 1386 159 1451 ob
181 1386 323 1464 nimiam,
344 1406 409 1472 qna
423 1384 563 1469 insignes
582 1405 638 1449 eas
662 1384 860 1471 accepimus,
891 1387 973 1453 siem
996 1392 1184 1476 perspicaci·

63 1482 162 1537 tatem
203 1471 338 1537 arbitror
373 1468 528 1556 deputari.
582 1468 695 1534 Vinum
728 1469 828 1551 enim,
871 1483 907 1538 nt
934 1471 1021 1561 ajunt
1050 1476 1183 1564 physici,

63 1554 190 1621 modice
210 1569 346 1621 sumtum
368 1555 454 1619 acuit
472 1551 643 1640 ingenium.

147 1643 179 1708 4.
219 1640 348 1722 Juvenis
371 1638 574 1728 depingitur,
609 1636 683 1724 quia
702 1657 872 1723 numquam
894 1639 1030 1708 ebrietas
1059 1654 1223 1712 maturate

62 1734 122 1792 est.
171 1723 287 1792 Nudus
316 1723 410 1791 etiam
438 1724 503 1792 sire
532 1721 618 1811 quod
640 1720 732 1810 juxta
762 1721 968 1808 Fulgentium
1000 1726 1115 1793 ebriosi
1146 1753 1183 1795 se

86 1832 122 1875 er
141 1821 266 1877 noctem
297 1805 450 1874 versando
479 1807 661 1895 plerumque
692 1804 767 1871 nudi
789 1808 884 1887 liunt;
920 1808 968 1874 rel
988 1811 1073 1896 quod
1095 1813 1182 1877 vino·

60 1833 135 1962 lienti
162 1896 238 1961 dum
270 1894 395 1982 potibus
426 1892 607 1979 indulgent,
637 1911 674 1955 se
702 1915 722 1956 a
754 1892 927 1959 substantia
954 1895 1091 1979 nudaut;
1123 1922 1181 1965 seu

85 1981 135 2046 uia
164 1979 275 2046 mentis
310 1989 434 2046 secreta
466 1992 579 2065 tegere
608 1997 671 2041 non
699 1977 798 2061 possit
825 1999 886 2042 nec
909 1979 991 2045 sciat
1021 1981 1174 2049 ebriosus.

60 2004 148 2132 loris
177 2064 287 2130 femori
318 2067 440 2130 insutus
468 2065 510 2128 liu
536 2063 599 2129 itur
633 2071 666 2127 et
692 2059 767 2126 inde
795 2064 997 2150 progenitus,
1025 2067 1115 2156 quia,
1145 2078 1222 2136 ntae

60 2151 160 2218 refert
179 2152 210 2215 in
243 2084 715 2235 eosmographtainnrianus,
747 2158 797 2213 est
822 2148 853 2213 in
882 2148 1018 2234 quadam
1047 2152 1180 2239 regione

59 2239 137 2301 urbs
160 2235 248 2324 Nysa
269 2235 388 2299 Libero
407 2232 489 2324 patri
507 2253 616 2311 sacru,
646 2252 799 2319 monsque
826 2233 937 2299 Merus
965 2234 1035 2301 Jori
1067 2260 1179 2319 sacer;

61 2318 201 2386 undeet
223 2321 343 2407 ipsum,
364 2318 479 2405 iuquit,
514 2316 618 2383 fabula
644 2326 709 2393 est,
740 2338 759 2380 e
779 2315 866 2383 Jcris
889 2317 1009 2384 lemare
1029 2320 1179 2409 (μηροῦ)

57 2416 271 2492 procreatum.
313 2402 404 2491 Apud
430 2400 523 2467 Remi
548 2401 615 2467 ‘um
633 2411 741 2466 tamen
760 2399 915 2552 legimns,
946 2403 1067 2493 Nysam
1088 2430 1177 2474 mon-

57 2503 123 2556 tem
145 2512 217 2556 esse
237 2486 362 2567 lndiae,
384 2488 500 2573 inquo
545 2485 619 2554 odie
639 2505 766 2573 quoqne
816 2487 912 2568 iberi,
932 2486 1047 2576 inquit.
1069 2491 1217 2559 serumst

58 2586 111 2640 tur
132 2596 203 2641 esse
222 2572 406 2661 crepundia.
450 2573 537 2638 Sane
563 2593 583 2637 a
616 2568 707 2657 Nysa
738 2569 886 2721 Nysaeus
924 2571 972 2637 rel
1005 2573 1178 2666 Dionysus,

56 2657 162 2726 idest
193 2658 273 2725 deus
302 2658 427 2748 Nysae,
460 2655 523 2721 dici
551 2655 714 2721 invenitur.
793 2655 910 2721 rondes
941 2654 1080 2726 hederae
1107 2662 1175 2751 ejus

56 2744 156 2810 sacris
175 2743 329 2811 interesse
352 2752 553 2820 meruerunt,
589 2738 638 2805 rel
666 2739 708 2803 ob
734 2762 865 2807 uvarum
893 2749 926 2805 ot
953 2746 1176 2832 corymborum

56 2828 303 2906 simibtudinem,
340 2827 386 2893 rol
414 2825 500 2915 quod
529 2844 656 2912 semper
670 2822 778 2912 juveni
798 2825 860 2892 deo
887 2846 1015 2915 semper
1044 2830 1173 2898 virentia

56 2915 252 2981 conveniant
295 2913 381 2979 Hinc
402 2925 435 2979 et
456 2909 576 2977 hedera
596 2913 830 2977 coronabantur
854 2914 968 2999 poetae
987 2911 1035 2978 rel
1062 2921 1215 3003 utpote³⁰

54 2998 176 3065 Libero
197 2999 390 3077 consecrati,
410 2998 463 3085 qni
485 3007 521 3063 ut
540 2994 690 3061 Bacchae
709 2996 877 3072 insaniunt,
897 2993 982 3060 unde
1004 2997 1172 3068 Horatius:

751 3080 797 3146 Ut
815 3080 906 3145 rrrulc
927 3102 1029 3144 sanos

36 3164 37 3168 ¹
139 3168 340 3254 Adscripsr't
362 3167 467 3234 Liber
490 3170 553 3234 Sat
578 3168 629 3233 ris
649 3165 850 3252 Faunisque
869 3175 1009 3265 poetas3

56 3248 104 3316 rel
124 3254 198 3337 qnia
217 3275 283 3318 scm
297 3274 343 3317 rer
362 3254 461 3320 virent
489 3253 531 3320 he
554 3276 646 3332 erae,
677 3252 761 3317 sicut
788 3269 926 3315 canuma
954 3248 1172 3320 aeternitatem

54 3349 225 3404 merentur.
304 3338 377 3404 abet
399 3337 521 3417 sebnia,
539 3360 652 3424 regem
672 3334 833 3402 Thraciae
852 3333 1058 3423 Lycurgum,
1095 3334 1213 3403 dum8⁵

55 3432 260 3488 contemnens
271 3424 434 3489 Bacchum
450 3424 518 3511 ejus
532 3432 710 3510 amputaret
720 3421 809 3494 vites,
830 3440 925 3486 crura
941 3441 999 3485 sua
1013 3416 1171 3488 incidisse.

55 3505 184 3572 Revera
203 3519 320 3586 autem,
341 3521 376 3574 nt
397 3509 527 3574 Servius
548 3507 642 3587 dicit,
666 3504 838 3572 abstemius
859 3502 928 3584 luit,
949 3527 1029 3592 quos
1049 3519 1173 3576 constat

54 3591 186 3659 acrioris
207 3605 340 3659 naturae
359 3616 439 3670 esse,
461 3591 547 3679 qnod
568 3593 660 3660 etiam
682 3590 724 3654 de
739 3589 956 3654 Demosthene
976 3588 1094 3655 dietum
1116 3603 1174 3658 est.

138 3679 170 3744 5.
212 3680 283 3743 Cur
302 3678 344 3742 de
365 3677 510 3756 Semele,
544 3701 607 3743 una
635 3675 768 3760 filiarum
801 3671 932 3753 Cadmi,
966 3674 1049 3739 Jove
1071 3674 1171 3742 l'ulmi-

54 3773 168 3840 nante,
198 3778 288 3830 natus
310 3766 528 3851 perhibeatur,
561 3761 634 3828 nihil
654 3757 813 3847 mequod
835 3758 916 3824 tradi
939 3757 1070 3846 dignum
1081 3759 1213 3861 judi-40

54 3849 191 3913 caverim
227 3850 256 3914 le
282 3852 343 3914 isse
382 3849 516 3916 memini.
575 3848 651 3913 Hoc
686 3857 791 3912 tamen
824 3865 887 3908 uon
922 3855 1174 3931 praetermrttere

54 3930 148 4010 duxi,
185 3873 280 4023 quod
303 3936 345 4001 lV
375 3946 465 4001 erant
492 3953 637 4009 sorores,
677 3930 752 4008 Ino,
786 3932 948 4006 Autonoe,
983 3928 1109 3993 Semele
1141 3942 1175 3997 et

53 4021 181 4102 Agare3
219 4032 252 4087 et
273 4020 316 4085 lV
340 4030 430 4096 sunt,
452 4031 486 4085 ut
507 4018 552 4085 ait
571 4017 779 4103 Fulgentius,
800 4013 958 4079 ebrietatis
979 4035 1119 4099 genera,
1140 4013 1174 4080 id

54 4118 106 4168 est
129 4102 310 4183 vinolentia,
330 4128 434 4171 rernm
459 4102 589 4182 oblivio,
610 4101 720 4180 libido,
739 4098 868 4167 insania.
913 4099 1018 4163 Prima
1040 4119 1175 4186 namque

54 4201 104 4254 est
124 4187 203 4265 Ino,
240 4213 323 4276 qrrae
350 4191 470 4254 ciuntur
496 4188 740 4275 interpretatum
773 4183 914 4250 secunda
942 4187 1105 4263 Autonoe,
1139 4183 1214 4254 idas

54 4284 122 4352 est,
155 4296 191 4337 se
210 4273 288 4361 ipsa
308 4297 375 4340 non
395 4293 620 4361 cognoscens,
656 4272 749 4340 tertie
770 4269 914 4351 Semele,
948 4292 1032 4358 qnae
1049 4292 1174 4359 corpus
