2692 4762
101 66 113 90 ⁸
181 113 266 227 aaa
503 94 692 217 ausuaga.
713 117 784 189 ιιι.
837 118 878 193 a.
931 117 995 192 ru.

185 298 311 366 roribus
331 296 457 366 aestivis
476 296 621 386 oviparos
642 294 790 385 producit
809 297 922 376 foetus,
943 297 990 364 vel
1009 299 1095 387 qnod
1124 298 1296 367 secondum

184 384 262 450 alios
283 384 365 450 baec
387 383 452 449 avis
470 383 612 469 auguriis
633 383 793 471 aptissima
814 395 871 450 est
920 382 1014 450 Unde
1037 385 1177 465 Statius,
1205 386 1298 451 inleli-

185 471 312 536 citatem
343 468 468 555 angnrii
506 468 670 548 intimans,
709 466 889 532 obscuram
924 469 1078 534 comitem
1118 472 1299 557 tripodmn,

185 556 219 621 id
260 566 309 620 est
346 575 490 631 corvum,
531 555 643 619 abesse
673 553 884 640 conqueritur.
939 553 1034 627 Quod
1076 570 1183 620 antem
1229 576 1297 620 eum

161 641 341 740 oPhoebus
363 639 456 728 juxta
477 637 625 738 Ovidium
645 637 675 702 in
701 636 843 704 secundo
871 637 1041 704 Fastorum
1072 641 1134 706 bac
1161 639 1299 705 affecerit

185 745 377 875 taurula
398 721 967 895 ,tlttlf'll'illiditur,
985 736 1298 895 ‘utilitati

185 907 299 980 guttur
333 908 496 981 pertusum
535 892 655 958 habere
684 893 895 978 perhibeatur.
945 895 1130 960 Secundum
1168 894 1299 961 fabulam

187 979 241 1045 Sol
272 1001 345 1044 cnm
373 977 526 1066 Clymene
554 977 701 1066 Nympha
732 980 839 1044 coiens
866 977 1067 1046 Phaeacia
1098 979 1216 1045 dicitur
1244 1002 1297 1065 ge·

144 1065 308 1142 tonuisse,
329 1063 383 1151 qui
404 1076 552 1149 paternos
573 1086 686 1128 currus
707 1064 859 1130 affectans
890 1062 949 1128 sibi
971 1075 1066 1151 atque
1088 1061 1208 1130 mundo
1229 1086 1298 1130 rou·

186 1149 384 1216 cremationis
403 1149 590 1215 detrimenta
608 1148 761 1214 conflavit
805 1149 940 1235 Semper
959 1171 1040 1234 ergo
1060 1149 1106 1216 sol
1127 1172 1201 1215 cum
1223 1171 1298 1237 aqua

186 1235 295 1300 coiens
316 1234 437 1299 fruetus
457 1232 577 1320 aliquos
598 1234 713 1319 gignat
734 1255 865 1299 necesse
885 1245 949 1313 est,
970 1235 1023 1321 qui
1044 1256 1084 1299 eo
1106 1233 1193 1322 quod
1214 1234 1298 1301 terris

185 1320 347 1387 exilientes
370 1332 562 1407 appareant,
594 1319 805 1405 pba'e‘tlrontes
827 1317 915 1405 quasi
940 1321 1117 1402 φαίνοντες
1147 1319 1298 1408 appellan-

186 1419 256 1487 tur;
299 1405 428 1492 φαίνων
470 1405 551 1469 enirn
588 1424 762 1490 appareas
793 1402 1026 1490 interpretatur.
1083 1403 1146 1476 Qut
1179 1404 1298 1491 quidem

145 1491 310 1557 lolructus
331 1489 373 1556 ad
395 1490 603 1556 maturitatem
624 1488 672 1553 sui
702 1488 776 1554 solis
807 1487 954 1553 ardorem
981 1502 1153 1575 quaerunt:
1186 1489 1244 1557 sed
1263 1510 1299 1553 eo

185 1587 336 1663 accepto,
357 1574 572 1662 frequentibus
599 1585 632 1638 et
653 1572 752 1638 nimiis
772 1571 922 1638 incendiis
943 1587 1195 1640 concremantur.
1238 1575 1300 1639 llu-

186 1661 235 1728 'us
257 1681 384 1727 sorores
405 1659 558 1746 gemmeis
575 1659 674 1743 guttis
695 1658 880 1736 lucentibus,
902 1668 938 1725 ut
958 1658 1089 1725 Ovidius
1110 1659 1300 1726 insecundo

222 1745 484 1831 etamorpboseon
507 1743 621 1821 relert,
645 1741 784 1807 fraterna
805 1743 969 1830 deplorant
988 1742 1150 1825 incendia,
1183 1744 1301 1810 sueinu-

188 1854 252 1918 que
273 1830 404 1916 diruptis
421 1828 544 1918 jaciunt
564 1829 707 1894 inaurata
730 1828 909 1895 corticibus.
962 1830 1055 1905 Quae
1082 1841 1117 1895 et
1143 1828 1302 1906 Heliades,

145 1915 222 1981 aoid
243 1927 293 1981 est
312 1914 396 1980 Solis
418 1915 510 1990 tiliae,
533 1924 764 1999 nuncupantur.
805 1914 989 1980 Herbarum
1008 1914 1107 2002 igitur
1133 1925 1167 1981 et
1192 1916 1301 1980 florum

188 1999 298 2089 procul
341 1998 437 2064 dubio
474 2000 603 2063 arbores
631 2020 757 2064 sorores
784 2011 875 2078 sunt,
917 2022 1001 2087 quae
1033 2021 1096 2065 una
1129 1997 1302 2086 eademque

187 2084 319 2151 l'erroris
341 2082 542 2169 humorisque
569 2081 769 2174 jugabilitate
796 2085 983 2170 gignuntur.
1033 2085 1171 2151 Arbores
1200 2100 1302 2150 autern

185 2169 273 2247 illae,
302 2190 384 2255 quae
420 2169 563 2233 sucinum
593 2166 724 2247 sudant,
761 2167 836 2234 dnm
865 2183 1002 2235 maturus
1030 2168 1141 2254 fruges
1169 2169 1218 2235 sol
1242 2182 1301 2235 tor-

192 2276 264 2320 rem
285 2254 380 2320 Junio
410 2253 557 2339 Julioqne
593 2253 751 2319 mensibus
784 2253 995 2320 incendiosior
1022 2254 1183 2320 Cancrum
1211 2267 1303 2340 atque

38 2380 42 2385 -
146 2338 334 2406 ”Leonem
364 2339 505 2423 attingit,
539 2350 614 2404 tunc
633 2350 721 2403 aestu
753 2336 853 2402 valido
884 2338 966 2406 fissis
996 2340 1167 2405 corticibus
1197 2360 1303 2419 sucum

187 2448 278 2490 suum
300 2425 426 2511 liquoris
449 2428 480 2488 ln
503 2424 644 2487 Eridano
675 2424 803 2487 llumine
832 2424 920 2509 aquis
947 2425 977 2488 in
1009 2423 1160 2489 electrum
1190 2423 1302 2488 duran·

187 2510 262 2575 dum
286 2514 438 2576 emittunt.
493 2507 663 2572 Sciendum
696 2531 786 2585 vero,
819 2509 910 2596 juxta
940 2507 1074 2574 Plinium
1102 2509 1134 2572 in
1165 2508 1304 2576 Naturali

186 2596 328 2662 Historia
349 2596 408 2662 tria
431 2616 502 2657 esse
522 2595 631 2657 electri
649 2615 787 2678 genera,
823 2615 918 2658 unum
940 2618 980 2658 ex
1001 2593 1185 2670 arboribus,
1222 2592 1303 2694 quod

187 2683 331 2747 sucinum
359 2679 488 2757 dicitur;
526 2678 629 2754 aliud,
659 2677 744 2765 quod
766 2678 945 2745 naturaliter
966 2679 1135 2759 invenitur3
1170 2691 1303 2757 tertium,

144 2766 274 2854 eoquod
296 2767 332 2831 fit
352 2764 394 2829 de
415 2765 514 2831 tribus
535 2763 674 2851 partibus
697 2762 764 2828 auri
787 2775 819 2828 et
843 2786 903 2829 una
925 2764 1067 2849 argenti3
1087 2786 1167 2851 quas
1189 2776 1304 2851 partes,

186 2854 212 2917 si
234 2851 369 2917 resolvas
391 2871 543 2921 massam,
565 2848 710 2912 invenies.
752 2847 870 2914 Electri
893 2863 997 2914 antem
1020 2862 1133 2915 natura
1156 2850 1306 2936 probatur

187 2960 325 3012 ueneno,
348 2961 410 3024 quo
433 2946 579 3018 recepto,
613 2947 644 2998 et
671 2930 837 2998 stridorem
867 2935 980 3002 emittit
1006 2945 1039 3000 et
1067 2933 1169 2999 uarios
1196 2933 1239 3000 ad
1266 2934 1304 3000 sl-

186 3022 390 3087 militudinem
412 3021 553 3084 venenati
576 3016 680 3081 reddit
712 3017 843 3082 colores.

270 3109 319 3170 15.
361 3105 557 3169 Medicorum
602 3102 753 3166 Phoebus
793 3124 853 3165 non
890 3101 1044 3167 immerito
1078 3099 1157 3168 deus
1194 3099 1307 3167 dicitnr

145 3189 238 3255 aurel
259 3188 344 3276 qnod
363 3189 497 3264 herbae,
521 3188 632 3274 quibus
646 3187 773 3287 physici
796 3199 940 3260 utuntur,
961 3187 1033 3253 solis
1059 3186 1165 3251 calore
1185 3187 1306 3275 produ·

188 3288 319 3349 cuntur,
350 3275 397 3339 vel
449 3271 512 3336 nod
550 3294 739 3358 praecipuae
771 3283 946 3359 temporum
982 3271 1186 3350 mutationes,
1230 3294 1306 3359 quas

187 3359 267 3423 solis
282 3379 393 3424 cursus
425 3297 581 3442 disponit,
619 3356 799 3421 humoribus
829 3356 1034 3442 aequalitates
1062 3367 1234 3444 apportant
1262 3354 1306 3420 rel

187 3444 440 3530 inaequalitates,
480 3442 653 3527 exquibus
683 3442 765 3506 salus
796 3442 1075 3529 aegritudinesque
1102 3455 1308 3528 generantur.

62 3550 68 3570 ⁸
188 3528 284 3594 Unde
318 3529 410 3593 etiam
447 3525 577 3591 Ovidius
613 3526 643 3588 in
667 3529 765 3612 primo
802 3527 1098 3615 llletamorpboseon
1141 3538 1307 3591 autumnos

150 3613 385 3701 suinaeqnales,
413 3611 444 3675 id
467 3622 515 3676 est
536 3610 695 3675 morbidos
719 3624 826 3691 vocat;
856 3634 992 3697 quorum
1014 3610 1159 3678 videlicet
1179 3611 1308 3699 singulis

191 3701 278 3764 annis
315 3720 429 3784 graves
465 3698 641 3781 experimur
684 3696 884 3782 pestilentias.
943 3697 1024 3763 Nam
1063 3708 1099 3763 ut
1139 3708 1307 3762 autumnus

191 3784 307 3849 morbis
325 3780 481 3857 abundet,
516 3781 641 3865 frigoris
663 3794 694 3846 et
715 3781 826 3845 caloris
850 3781 973 3845 confine
996 3780 1089 3860 lacit,
1128 3781 1308 3866 quodlicet

190 3871 283 3934 etiarn
304 3890 428 3932 vernum
461 3878 582 3951 tempus
615 3865 750 3940 babeat,
785 3868 911 3930 morbos
943 3878 1047 3931 tamen
1079 3866 1181 3932 minus
1212 3879 1308 3940 creat,

191 3956 264 4040 quia
295 3967 372 4020 tunc
401 3972 535 4036 corpora
565 3949 764 4036 praecedenti
795 3949 908 4016 durata
942 3963 1015 4016 sunt
1046 3950 1183 4035 frigore,
1251 3972 1310 4015 uae

150 4056 358 4111 aaautumnus
378 4036 567 4119 corrumpit,
590 4033 705 4099 laxiora
729 4036 885 4101 inveniens
908 4037 1035 4101 aestatis
1058 4036 1172 4100 calore.
1224 3975 1308 4100 llius

189 4138 222 4191 et
243 4147 369 4199 ornnes,
401 4135 435 4188 ut
455 4122 498 4186 ait
519 4120 662 4198 Servius,
697 4120 749 4205 qui
772 4130 860 4186 secto
881 4120 989 4187 matris
1020 4131 1112 4186 utero
1139 4141 1309 4207 procrean-
