2640 5130
175 629 253 703 100
458 631 640 731 blptlrepr.
674 631 728 704 ll.
783 629 838 704 99
857 631 1013 707 -101,

174 813 338 893 attulerat,
367 811 465 884 luisse
488 838 580 884 suum
602 826 795 898 monstrare,
823 816 1055 907 Triptolemum
1076 812 1195 883 insidils
1213 815 1299 966 peri-

175 920 263 975 mere
292 910 423 967 cenatus
445 912 510 969 est.
552 907 594 969 At
619 901 690 982 ille,
721 901 860 988 periculo
884 904 1031 990 cognito,
1057 901 1168 969 stricto
1189 901 1299 988 gadio

173 983 298 1074 Lycum
318 988 463 1074 persequi
485 988 598 1075 coepit.
633 986 753 1075 Lycus,
774 988 806 1052 in
829 987 928 1056 feram
949 988 999 1056 sui
1019 986 1153 1055 neminis
1179 984 1304 1070 versus,

173 1090 296 1137 morum
315 1091 445 1138 suorum
465 1072 573 1138 colore
593 1067 758 1139 distinctus
781 1083 840 1140 est.

26 1198 32 1231 Ι,
147 1269 167 1355 ⁶.
503 1252 572 1331 99.
627 1256 835 1360 Cepheus
872 1285 962 1334 rex.

253 1384 429 1476 Postquam
450 1386 664 1477 Triptolemus
690 1387 821 1455 domum
841 1383 951 1464 rediit,
972 1381 1124 1471 Cepheus
1145 1403 1201 1450 rex
1223 1404 1298 1453 eum

122 1490 126 1503 ¹
171 1477 335 1558 nmquam
365 1471 506 1541 aemulus
529 1474 710 1559 interlicere
735 1483 869 1538 conatus
899 1481 956 1536 est.
1000 1466 1068 1534 Sed
1096 1469 1298 1555 recognita,

168 1544 260 1643 ἱιιεειι
287 1556 417 1623 Cereris
445 1559 643 1646 Triptolemo
664 1578 799 1660 regnum
832 1551 978 1633 tradidit,
1007 1553 1115 1642 ibique
1145 1577 1187 1642 op
1209 1552 1297 1625 idum

174 1638 352 1720 constituit,
378 1641 468 1730 'quod
495 1665 536 1709 ex
552 1645 649 1733 patris
676 1666 725 1710 sur
746 1641 872 1717 nemine
894 1636 1075 1727 appellavit,
1107 1638 1161 1725 qui
1249 1638 1295 1704 eri

131 1740 264 1793 losacra
285 1724 404 1817 primus
426 1727 575 1811 instituit,
606 1751 690 1818 quae
711 1729 838 1795 Graece
858 1715 1072 1812 θεσμοφόρια
1093 1720 1296 1811 appellantur.

364 1911 458 1990 100.
511 1914 727 1991 larentia
762 1911 1088 2011 Proserpinae.

255 2039 357 2107 Ocres
379 2062 476 2129 quum
498 2041 740 2130 Proserpinam,
761 2062 782 2106 a
800 2037 938 2106 Plutone
960 2049 1101 2127 raptam,
1122 2037 1176 2104 diu
1197 2057 1295 2129 qnae-

172 2121 282 2204 sisset,
313 2124 443 2193 tandem
469 2124 637 2192 elinando
668 2149 739 2192 eam
769 2146 840 2190 esse
868 2119 954 2211 apud
982 2122 1101 2192 inferos
1130 2126 1293 2213 comperit.

172 2206 322 2298 Proque
343 2231 380 2277 re
400 2233 498 2300 quum
511 2149 603 2301 doris
630 2211 828 2300 implorasset
854 2207 1018 2289 auxilium,
1047 2208 1099 2276 ille
1120 2209 1294 2298 respondit,

132 2315 244 2366 tecam
264 2317 360 2383 posse
378 2297 510 2373 tereti,
531 2297 558 2362 si
579 2295 652 2361 nihil
672 2295 758 2384 apud
778 2294 896 2361 inferos
916 2304 1087 2381 gustasset.
1117 2293 1173 2360 llla
1186 2306 1294 2362 antem

166 2377 234 2468 jam
262 2380 367 2467 punici
397 2381 468 2448 mali
497 2380 529 2445 in
561 2380 669 2469 Elysio
702 2402 805 2468 grana
865 2390 1031 2446 ustarerat
1085 2380 1189 2453 Quam
1223 2400 1293 2448 rem

169 2463 379 2553 Ascalaphus,
402 2464 630 2555 stygialibus,
655 2465 800 2555 prodidit.
877 2463 939 2528 nde
960 2464 1152 2551 Proserpina
1175 2462 1218 2530 ad
1239 2488 1292 2531 su-

168 2569 266 2696 peros
293 2572 438 2651 remeare
465 2573 530 2616 neu
556 2551 669 2639 potuit.
710 2550 879 2636 Indignata
900 2550 1002 2615 Ceres
1023 2548 1176 2615 convertit
1195 2551 1292 2652 Asca·

127 2633 299 2797 ..still
325 2657 368 2786 ¹3.
386 2633 1294 2801 0391192ξὲ9ῑῶἜξῖτὲῗξὲἒεῑὲὲῖῗωνῖ

169 2822 241 2869 cum
263 2805 384 2871 marito.
427 2807 501 2881 Quo
544 2806 617 2872 ideo
641 2807 790 2893 lingitur,
824 2804 899 2891 quia
926 2803 1117 2892 Proserpina
1148 2804 1217 2890 ipsa
1243 2814 1293 2871 est

131 2891 135 2917 ⁶
167 2908 252 3041 quae
271 2899 306 2957 et
325 2889 415 2971 luna,
446 2912 530 2979 quac
558 2903 625 2959 toto
644 2912 727 2958 anno
758 2890 803 2956 VI
825 2888 984 2959 mensibus
1006 2888 1140 2969 crescii,
1170 2887 1214 2956 Vl
1235 2886 1292 2954 de·

191 2973 252 3055 cit,
265 2973 399 3127 pollicet
418 2996 476 3064 per
495 2976 637 3063 singulos
658 2997 782 3043 menses
802 2971 967 3076 quindenis
979 2968 1118 3074 'diebus3
1148 2982 1183 3040 ut
1204 2994 1292 3072 crees

168 3079 245 3127 cens
285 3059 351 3150 pud
372 3082 520 3151 superos,
543 3062 692 3132 deficiens
713 3059 799 3150 apud
819 3058 940 3145 inferos
961 3055 1114 3127 ndcatur.

124 3273 161 3326 se
530 3246 620 3324 101.
681 3251 925 3327 Sirenes.

251 3372 399 3457 Sirenes,
427 3376 642 3467 Melpomenes
669 3376 781 3446 Musae
811 3388 844 3446 et
872 3371 1002 3446 Acheloi
1034 3369 1170 3441 fluminis
1197 3367 1292 3452 filiae,

165 3479 264 3549 quum
280 3460 520 3564 Proserpinam,
556 3462 732 3529 aPlutone
753 3474 892 3551 raptam,
922 3460 1131 3548 inquirerent,
1164 3465 1199 3524 et
1219 3477 1292 3522 eam

165 3544 293 3610 minime
312 3545 518 3628 invenissent,
549 3546 647 3612 adiis
670 3549 835 3614 novissime
864 3548 1090 3635 impetrarunt,
1123 3552 1160 3607 ut
1179 3562 1293 3607 versae

165 3628 379 3712 involucres,
410 3654 471 3697 non
495 3645 614 3699 tanturn
634 3632 666 3698 in
690 3634 801 3714 terris,
829 3630 887 3698 sed
919 3631 1010 3698 etiam
1033 3629 1065 3693 in
1087 3625 1164 3692 mari
1186 3625 1294 3713 requi·

123 3713 256 3783 obsitam
298 3718 450 3806 consequi
483 3729 622 3806 possent.
676 3718 749 3793 Quo
790 3738 960 3796 concesse,
1002 3711 1056 3778 diu
1091 3722 1292 3798 quaerentes,

164 3797 331 3865 novissime
352 3798 394 3866 ad
416 3812 538 3890 petram
558 3801 677 3881 Martis,
699 3824 782 3890 quae
802 3802 942 3891 proxime
962 3796 1144 3865 imminebat
1163 3792 1292 3882 pelago,

165 3882 378 3963 devenerunt,
425 3888 531 3975 ibique
571 3887 714 3953 habitare
757 3897 941 3975 coeperunt
999 3882 1061 3950 His
1103 3900 1292 3967 concessum

164 3989 292 4056 quoque
315 3968 390 4049 luit,
411 3981 447 4037 ut
467 3970 586 4039 tamdiu
608 3984 772 4039 manerent
791 3971 981 4048 incolumes,
1009 3965 1159 4056 quamdiu
1181 3985 1292 4053 earum

166 4073 225 4118 vox
247 4052 416 4120 audiretur.
458 4057 604 4124 Fuerunt
626 4070 731 4125 autem
768 4069 836 4124 arte
856 4056 1009 4133 volucres,
1032 4063 1121 4140 parte
1140 4048 1291 4151 virgines,

123 4135 265 4225 eepedes
297 4139 491 4225 gallinaceos
512 4144 673 4209 habentes.
763 4164 853 4208 arum
881 4163 943 4207 una
974 4160 1073 4212 voce,
1109 4133 1168 4200 alia
1197 4134 1291 4215 tibus,

165 4222 259 4289 tertia
279 4221 348 4313 lyra
378 4229 521 4293 canebat.
579 4227 720 4302 Quarum
752 4228 896 4294 cantibus
925 4224 1020 4290 illecti
1049 4231 1165 4288 nautae
1215 4240 1292 4284 uum

165 4304 209 4372 ad
237 4330 315 4374 saxa
349 4311 559 4390 accederent,
596 4312 628 4377 in
666 4314 780 4401 quibus
818 4312 889 4377 illae
917 4308 1091 4376 residentes
1121 4241 1291 4454 caqdhant,

163 4391 248 4458 illisis
270 4392 302 4457 in
319 4396 457 4482 scopulis
478 4398 618 4475 naribus,
642 4395 673 4462 in
695 4397 864 4485 naufragia
884 4393 1098 4472 ducebantur,
1120 4401 1153 4456 et
1194 4390 1214 4454 b
1233 4387 1290 4454 illis

163 4472 423 4549 comedebantur.
466 4483 537 4548 Has
558 4481 667 4548 Ulixes
688 4478 919 4551 conternnendo
936 4476 1068 4545 deduxit
1088 4473 1130 4540 ad
1147 4483 1291 4541 mertem.

124 4560 248 4634 4on
270 4584 368 4650 quum
389 4565 454 4632 illas
482 4566 790 4655 praeternavigaret,
820 4566 958 4633 omnium
980 4563 1139 4629 sociorum
1160 4579 1292 4626 suorum

167 4667 281 4728 aures,
304 4670 344 4715 ne
364 4671 419 4717 eas
440 4651 604 4732 audirent,
626 4674 701 4719 cera
723 4655 889 4734 obturans,
911 4673 947 4718 se
966 4647 1060 4737 jussit
1081 4643 1123 4712 ad
1145 4645 1293 4712 arborem
