2692 4762
369 238 551 357 oryusgr.
579 241 611 313 1.
667 235 862 323 tu-to.
1157 236 1184 312 s

488 423 554 502 15.
607 425 755 511 Circe.

140 581 260 658 Circe,
288 578 371 647 Solis
396 577 477 659 filia,
504 577 537 645 in
562 577 663 647 insula
688 580 794 646 Aeaco
821 576 956 656 sedens,
985 575 1108 643 delatos
1141 576 1184 643 sd

58 689 93 732 se
111 667 146 732 in
177 667 264 732 leros
290 665 445 733 mutabat.
485 662 534 731 dd
561 663 644 731 hanc
668 662 750 732 sons
781 661 903 733 dolatus
922 662 1047 738 Ulixes,
1077 663 1181 751 Bury·

58 750 188 818 lochum
208 773 282 818 cum
303 750 411 840 viginti
433 762 466 819 et
485 748 610 816 duobus
631 750 724 816 sociis
744 748 842 829 misit,
873 770 953 837 quos
979 751 1020 813 ab
1044 747 1181 815 bumana

58 839 167 903 secie
186 837 218 903 in
243 836 326 902 leras
347 835 556 904 commutarit
598 834 665 901 Sed
694 834 893 924 Eurylochus
920 831 1035 899 indas
1076 832 1116 909 't,
1145 847 1204 904 ets

58 862 142 989 tltui
181 921 347 987 nunciavit.
394 921 426 987 Is
465 920 551 987 solus
578 918 620 986 ad
650 942 720 986 eam
751 919 1017 1007 proficiscebatur.
1090 918 1121 985 ui
1149 916 1182 985 in

58 1008 171 1074 itinere
199 1006 376 1073 Mercurius
396 1004 571 1072 remedium
593 1003 696 1083 dedit,
722 1005 990 1094 monstravitque,
1021 1002 1182 1092 quomodo

59 1094 179 1160 Circen
199 1092 371 1180 deciperet
412 1090 474 1165 Qut
498 1104 663 1179 postquam
683 1087 725 1154 ad
743 1112 813 1156 cam
834 1090 926 1167 venit,
947 1091 988 1155 ab
1008 1111 1048 1156 ea
1064 1088 1182 1179 poculo

59 1191 214 1265 accepto,
241 1174 388 1244 Mercurii
408 1177 583 1244 remedium
605 1173 737 1253 miscuit,
756 1188 789 1243 et
810 1173 918 1242 eduxit
939 1197 1065 1253 ensem,
1089 1174 1183 1263 eique

60 1264 194 1329 minatus
223 1272 288 1339 est,
315 1274 357 1327 ut
377 1260 437 1328 sibi
463 1262 567 1330 socios
596 1261 783 1328 restitueret.
814 1258 922 1326 ‘'Punc
949 1261 1046 1328 ctres
1071 1261 1178 1339 sensit,
1187 1278 1222 1325 ιο

62 1349 126 1415 sine
146 1347 307 1413 vuluntate
327 1345 459 1412 deorum
486 1348 550 1413 boc
580 1367 641 1412 non
672 1345 792 1412 sactum
821 1366 909 1421 esse,
941 1344 1070 1434 fideque
1094 1347 1179 1425 dato,

63 1435 164 1500 socios
193 1434 223 1497 ei
250 1431 393 1499 restituit
436 1432 508 1521 lpse
528 1454 603 1497 sero
630 1453 702 1497 curn
724 1452 764 1495 ea
782 1451 849 1496 rem
868 1429 994 1509 babuit,
1009 1442 1058 1497 -et
1083 1428 1179 1495 'l'ele-

64 1540 179 1606 gonum
201 1538 242 1584 ex
262 1539 302 1584 ea
320 1519 511 1606 procrearit,
539 1517 629 1606 cujus
644 1536 739 1582 mano
753 1526 864 1606 postea
879 1517 1004 1583 occisus
1021 1516 1180 1589 occubuit

433 1711 510 1790 16.
563 1716 782 1791 Tiresias.

10 1886 14 1897 ·
141 1841 287 1911 'liresias
308 1840 384 1908 dum
403 1840 463 1909 iret
482 1862 541 1931 per
558 1841 677 1925 silvam,
697 1842 773 1913 ridit
791 1843 873 1913 dnos
893 1851 1056 1931 serpentes
1083 1838 1221 1908 coire1⁵

66 1930 150 2004 Quos
171 1948 270 2018 quum
291 1928 380 2013 virga
396 1929 610 2015 percussisset,
630 1931 662 1996 in
682 1928 826 1998 seminam
844 1940 984 1998 mutatus
1003 1937 1061 1994 est.
1100 1926 1183 1995 Post

64 2028 133 2082 orto
162 2036 265 2080 annos
293 2012 368 2079 dum
388 2011 508 2081 rideret
535 2036 591 2080 eos
620 2016 758 2083 similiter
779 2017 1037 2086 concumbentes,
1062 2022 1095 2079 st
1123 2034 1186 2078 eos·

10 2106 13 2123 '
63 2120 169 2167 rursus
199 2110 400 2187 percuteret,
433 2098 464 2163 in
492 2098 651 2187 pristinam
678 2102 840 2171 restitutus
867 2112 917 2171 est
943 2112 1096 2165 naturam.
1138 2096 1183 2165 Bt

64 2190 156 2274 quum
177 2185 262 2249 inter
280 2184 391 2250 Jovem
415 2197 448 2251 et
466 2184 623 2252 Junonem
643 2185 680 2252 lis
701 2184 803 2264 esset,
833 2188 866 2254 in
894 2207 958 2285 quo
983 2178 1061 2253 se'xu
1080 2181 1182 2272 major

62 2282 146 2338 esset
166 2274 280 2337 sensns
302 2268 455 2350 suavitas,
476 2268 634 2338 adbibitus
652 2282 701 2338 est
720 2272 780 2339 iste
791 2272 911 2364 judex,
937 2268 992 2420 poi
1010 2280 1221 2356 auumqneto

62 2377 171 2422 serum
192 2353 299 2455 fuerat
326 2364 489 2457 expertum
519 2369 553 2428 et
575 2355 788 2458 interrogatus
818 2357 913 2435 dixit,
953 2352 1106 2421 ominoem
1125 2374 1182 2420 ro-

61 2438 214 2530 lnptatem
251 2436 342 2529 trtplo
375 2461 526 2530 majorem
559 2463 631 2509 esse
656 2441 742 2510 timii.
775 2442 898 2521 -Qnam
927 2440 970 2506 ob
1001 2459 1068 2505 ram
1095 2438 1181 2505 luno

60 2524 140 2628 irata
160 2523 292 2626 prirurit
313 2546 384 2592 eum
405 2525 524 2607 oculis,
550 2525 641 2629 quasi
666 2526 841 2628 gratiosttm
864 2531 895 2595 in
919 2525 1051 2603 Jorem,
1081 2534 1115 2592 et
1132 2524 1182 2591 in-
1282 2544 1288 2556 ·

58 2632 212 2768 pnnosnm
240 2631 272 2674 sn
300 2631 345 2675 se.
386 2610 441 2677 0b
468 2634 561 2700 quam
590 2613 732 2703 injurtam
753 2634 850 2703 quum
871 2614 1062 2681 obcaecatus
1083 2621 1180 2692 esset,
1251 2646 1255 2661 ·

83 2696 206 2787 uppiter
228 2694 404 2763 futurorum
425 2695 457 2764 ei
475 2699 620 2788 praebuit
638 2699 886 2788 praescientiam.
1183 2728 1221 2780 ss

456 2888 537 2966 17.
583 2892 778 2997 Lycaon.
868 2870 871 2875 Ι

82 3033 87 3041 “
144 3021 310 3111 luppiter,
342 3020 470 3090 bomani
494 3019 621 3088 sceleris
646 3021 688 3088 im
711 3016 829 3105 abens,
866 3024 1012 3096 Qulata
1047 3026 1180 3097 bominis

62 3107 170 3198 specie
191 3109 233 3174 ad
253 3107 454 3197 Lycaonem,
476 3126 589 3194 regent
607 3107 691 3174 Arca
711 3107 720 3125 '
741 3130 778 3190 e,
802 3108 903 3190 venit,
923 3113 1001 3201 quii
1039 3115 1070 3195 ',
1090 3115 1181 3203 quasi

63 3193 206 3271 mortali,
239 3214 431 3280 praeparans
466 3204 616 3271 mortem,
652 3191 790 3260 bumana
824 3197 966 3266 membra
999 3137 1180 3266 lffrorands
1282 3208 1285 3213 '

64 3278 221 3368 apposuit.
263 3276 355 3362 Quae
374 3287 539 3367 postquam
557 3275 703 3365 anpiter
723 3276 838 3360 sanis,
865 3303 942 3348 non-
957 3305 1031 3352 enm
1054 3285 1244 3375 penitttsto·

64 3363 239 3441 interendt3
274 3360 350 3442 sed,
380 3385 421 3430 ne
441 3361 583 3452 supplicii
603 3362 759 3430 amitteret
785 3386 930 3445 sensum,
965 3368 1028 3460 lupi
1054 3393 1128 3438 enm
1148 3370 1182 3437 in

67 3447 199 3514 sormam
220 3446 389 3527 convertit,
418 3449 472 3536 qui
498 3446 603 3516 adhuc
631 3459 664 3516 et
682 3469 788 3515 mores
814 3452 847 3517 in
875 3453 1044 3536 rabie,·et
1065 3477 1182 3523 nomen

66 3531 224 3633 Lycaonis
254 3532 285 3596 in
317 3531 522 3622 appellatione
553 3547 664 3601 serrat.
718 3531 809 3599 ldem
852 3536 984 3627 Lycaon
1027 3539 1184 3610 habuerat

68 3617 161 3682 filiam
182 3615 320 3684 Callisto.
360 3618 463 3693 Quam
484 3639 579 3707 quum
601 3618 739 3689 vitiasset
758 3619 920 3708 luppiter,
950 3624 1035 3690 Juoo
1051 3650 1128 3701 ¹eum
1148 3627 1180 3692 in

69 3722 171 3855 prppm
194 3702 363 3854 epopertit3
390 3715 502 3795 postea
520 3703 664 3792 luppiter
684 3704 860 3789 miseratus,
878 3708 912 3774 in
932 3708 1059 3799 signnm
1079 3723 1222 3782 unns-ss

85 3806 102 3851 n
157 3809 257 3853 cases
273 3808 300 3852 e.
1036 3841 1040 3848 .

396 3953 459 4032 18.
522 3960 563 4033 lo
603 3972 645 4035 et
681 3956 849 4063 Argus.

152 4083 206 4162 Io,
242 4083 349 4148 lnachi
383 4085 470 4172 regis
499 4086 548 4151 rel
574 4087 637 4153 lasi
657 4087 737 4167 filia,
775 4109 870 4176 quum
899 4090 1046 4180 aequales
1076 4095 1185 4183 specio

76 4188 140 4269 sua·
145 4169 367 4318 praecelleret,
392 4171 516 4272 plova
533 4169 678 4240 adamata
700 4183 768 4252 est,
793 4174 847 4276 qui
874 4175 1008 4276 admotis
1037 4184 1185 4268 precibus

79 4252 142 4338 dest
163 4277 258 4321 enum
288 4255 436 4341 explent:
467 4268 516 4337 et,
544 4280 582 4327 ce
607 4257 709 4349 puella
732 4258 865 4331 lunonn
883 4283 963 4333 tram
984 4265 1228 4355 procpdecetto
