<?xml version="1.0" encoding="UTF-8"?>
<!DOCTYPE html PUBLIC "-//W3C//DTD XHTML 1.0 Transitional//EN"
    "http://www.w3.org/TR/xhtml1/DTD/xhtml1-transitional.dtd">
<html xmlns="http://www.w3.org/1999/xhtml" xml:lang="en" lang="en">
 <head>
  <title>
</title>
<meta http-equiv="Content-Type" content="text/html;charset=utf-8" />
  <meta name='ocr-system' content='tesseract 3.04.00' />
  <meta name='ocr-capabilities' content='ocr_page ocr_carea ocr_par ocr_line ocrx_word'/>
</head>
<body>
  <div class='ocr_page' id='page_1' title='image "./scriptoresrerum00bodegoog_0264.png"; bbox 0 0 2640 5130; ppageno 0'>
   <div class='ocr_carea' id='block_1_1' title="bbox 195 272 1076 383">
    <p class='ocr_par' dir='ltr' id='par_1_1' title="bbox 195 272 1076 383">
     <span class='ocr_line' id='line_1_1' title="bbox 195 272 1076 383; baseline 0.01 -34"><span class='ocrx_word' id='word_1_1' title='bbox 195 272 280 349; x_wconf 74' lang='lat' dir='ltr'><strong>aaa</strong></span> <span class='ocrx_word' id='word_1_2' title='bbox 587 281 768 383; x_wconf 56' lang='grc' dir='ltr'><strong>ιιιμιομ.</strong></span> <span class='ocrx_word' id='word_1_3' title='bbox 796 282 868 357; x_wconf 88' lang='grc' dir='ltr'><strong>ιιι.</strong></span> <span class='ocrx_word' id='word_1_4' title='bbox 922 280 983 357; x_wconf 85' lang='grc' dir='ltr'><strong>ιι.</strong></span> <span class='ocrx_word' id='word_1_5' title='bbox 1037 282 1076 359; x_wconf 94' lang='grc' dir='ltr'><strong>ι.</strong></span> 
     </span>
    </p>
   </div>
   <div class='ocr_carea' id='block_1_2' title="bbox 194 457 1307 635">
    <p class='ocr_par' dir='ltr' id='par_1_2' title="bbox 194 457 1307 635">
     <span class='ocr_line' id='line_1_2' title="bbox 197 457 1307 541; baseline 0.008 -18"><span class='ocrx_word' id='word_1_6' title='bbox 197 457 360 524; x_wconf 82' lang='lat' dir='ltr'><strong>formasse.</strong></span> <span class='ocrx_word' id='word_1_7' title='bbox 407 457 558 528; x_wconf 86' lang='lat' dir='ltr'><strong>Pandora</strong></span> <span class='ocrx_word' id='word_1_8' title='bbox 588 460 671 527; x_wconf 83' lang='lat' dir='ltr'><strong>enim</strong></span> <span class='ocrx_word' id='word_1_9' title='bbox 704 460 833 530; x_wconf 84' lang='lat' dir='ltr'><strong>Graece</strong></span> <span class='ocrx_word' id='word_1_10' title='bbox 861 484 989 529; x_wconf 76' lang='lat' dir='ltr'><strong>munus</strong></span> <span class='ocrx_word' id='word_1_11' title='bbox 1016 464 1173 532; x_wconf 83' lang='lat' dir='ltr'><strong>omnium</strong></span> <span class='ocrx_word' id='word_1_12' title='bbox 1199 462 1307 541; x_wconf 75' lang='lat' dir='ltr'><strong>dieitur,</strong></span> 
     </span>
     <span class='ocr_line' id='line_1_3' title="bbox 194 540 960 635; baseline 0.004 -26"><span class='ocrx_word' id='word_1_13' title='bbox 194 540 281 632; x_wconf 89' lang='lat' dir='ltr'><strong>quod</strong></span> <span class='ocrx_word' id='word_1_14' title='bbox 303 543 407 609; x_wconf 83' lang='lat' dir='ltr'><strong>anima</strong></span> <span class='ocrx_word' id='word_1_15' title='bbox 426 546 564 612; x_wconf 86' lang='lat' dir='ltr'><strong>omnium</strong></span> <span class='ocrx_word' id='word_1_16' title='bbox 580 545 622 613; x_wconf 81' lang='lat' dir='ltr'><strong>sit</strong></span> <span class='ocrx_word' id='word_1_17' title='bbox 648 566 762 615; x_wconf 85' lang='lat' dir='ltr'><strong>munus</strong></span> <span class='ocrx_word' id='word_1_18' title='bbox 796 545 960 635; x_wconf 83' lang='lat' dir='ltr'><strong>generale.</strong></span> 
     </span>
    </p>
   </div>
   <div class='ocr_carea' id='block_1_3' title="bbox 144 652 1312 3101">
    <p class='ocr_par' dir='ltr' id='par_1_3' title="bbox 144 652 1312 3101">
     <span class='ocr_line' id='line_1_4' title="bbox 280 652 1308 725; baseline 0.001 -3"><span class='ocrx_word' id='word_1_19' title='bbox 280 658 332 723; x_wconf 87' lang='lat' dir='ltr'><strong>lu.</strong></span> <span class='ocrx_word' id='word_1_20' title='bbox 375 658 504 723; x_wconf 82' lang='lat' dir='ltr'><strong>Servius</strong></span> <span class='ocrx_word' id='word_1_21' title='bbox 533 668 639 723; x_wconf 89' lang='lat' dir='ltr'><strong>tamen</strong></span> <span class='ocrx_word' id='word_1_22' title='bbox 672 655 714 722; x_wconf 93' lang='lat' dir='ltr'><strong>de</strong></span> <span class='ocrx_word' id='word_1_23' title='bbox 751 657 947 725; x_wconf 85' lang='lat' dir='ltr'><strong>Prometheo</strong></span> <span class='ocrx_word' id='word_1_24' title='bbox 986 654 1072 725; x_wconf 86' lang='lat' dir='ltr'><strong>aliud</strong></span> <span class='ocrx_word' id='word_1_25' title='bbox 1110 652 1217 725; x_wconf 84' lang='lat' dir='ltr'><strong>tradit.</strong></span> <span class='ocrx_word' id='word_1_26' title='bbox 1267 655 1308 723; x_wconf 80' lang='lat' dir='ltr'><strong>dit</strong></span> 
     </span>
     <span class='ocr_line' id='line_1_5' title="bbox 195 740 1308 828; baseline -0.002 -21"><span class='ocrx_word' id='word_1_27' title='bbox 195 741 288 820; x_wconf 81' lang='lat' dir='ltr'><strong>enim,</strong></span> <span class='ocrx_word' id='word_1_28' title='bbox 309 740 535 808; x_wconf 82' lang='lat' dir='ltr'>Prometheum</span> <span class='ocrx_word' id='word_1_29' title='bbox 556 753 629 828; x_wconf 89' lang='lat' dir='ltr'><strong>post</strong></span> <span class='ocrx_word' id='word_1_30' title='bbox 650 741 751 809; x_wconf 79' lang='lat' dir='ltr'><strong>lectos</strong></span> <span class='ocrx_word' id='word_1_31' title='bbox 772 743 915 810; x_wconf 83' lang='lat' dir='ltr'><strong>homines</strong></span> <span class='ocrx_word' id='word_1_32' title='bbox 935 764 956 809; x_wconf 85' lang='lat' dir='ltr'><strong>a</strong></span> <span class='ocrx_word' id='word_1_33' title='bbox 976 766 1013 807; x_wconf 88' lang='lat' dir='ltr'><strong>se</strong></span> <span class='ocrx_word' id='word_1_34' title='bbox 1033 742 1148 809; x_wconf 86' lang='lat' dir='ltr'><strong>auxilio</strong></span> <span class='ocrx_word' id='word_1_35' title='bbox 1162 742 1308 809; x_wconf 78' lang='lat' dir='ltr'><strong>bfrnerrre</strong></span> 
     </span>
     <span class='ocr_line' id='line_1_6' title="bbox 171 825 1308 913; baseline 0 -21"><span class='ocrx_word' id='word_1_36' title='bbox 171 825 316 892; x_wconf 67' lang='lat' dir='ltr'><strong>⁶careium</strong></span> <span class='ocrx_word' id='word_1_37' title='bbox 338 826 521 893; x_wconf 73' lang='lat' dir='ltr'><strong>ascendisse</strong></span> <span class='ocrx_word' id='word_1_38' title='bbox 551 838 584 893; x_wconf 91' lang='lat' dir='ltr'><strong>et</strong></span> <span class='ocrx_word' id='word_1_39' title='bbox 610 826 751 895; x_wconf 85' lang='lat' dir='ltr'><strong>adhibita</strong></span> <span class='ocrx_word' id='word_1_40' title='bbox 777 828 881 895; x_wconf 83' lang='lat' dir='ltr'><strong>iacula</strong></span> <span class='ocrx_word' id='word_1_41' title='bbox 909 827 952 893; x_wconf 86' lang='lat' dir='ltr'><strong>ad</strong></span> <span class='ocrx_word' id='word_1_42' title='bbox 977 839 1079 894; x_wconf 84' lang='lat' dir='ltr'><strong>rotam</strong></span> <span class='ocrx_word' id='word_1_43' title='bbox 1112 826 1187 895; x_wconf 85' lang='lat' dir='ltr'><strong>solis</strong></span> <span class='ocrx_word' id='word_1_44' title='bbox 1212 826 1308 913; x_wconf 66' lang='grc' dir='ltr'><strong>ἰςιιειι</strong></span> 
     </span>
     <span class='ocr_line' id='line_1_7' title="bbox 194 909 1307 1001; baseline 0.001 -25"><span class='ocrx_word' id='word_1_45' title='bbox 194 912 331 976; x_wconf 80' lang='lat' dir='ltr'><strong>iuratum</strong></span> <span class='ocrx_word' id='word_1_46' title='bbox 354 934 442 992; x_wconf 83' lang='lat' dir='ltr'><strong>esse,</strong></span> <span class='ocrx_word' id='word_1_47' title='bbox 471 933 567 998; x_wconf 89' lang='lat' dir='ltr'><strong>quem</strong></span> <span class='ocrx_word' id='word_1_48' title='bbox 588 909 764 978; x_wconf 82' lang='lat' dir='ltr'><strong>horninibus</strong></span> <span class='ocrx_word' id='word_1_49' title='bbox 792 911 948 979; x_wconf 83' lang='lat' dir='ltr'><strong>iudicarit.</strong></span> <span class='ocrx_word' id='word_1_50' title='bbox 996 913 1050 979; x_wconf 91' lang='lat' dir='ltr'><strong>0b</strong></span> <span class='ocrx_word' id='word_1_51' title='bbox 1073 935 1169 1001; x_wconf 84' lang='lat' dir='ltr'><strong>quam</strong></span> <span class='ocrx_word' id='word_1_52' title='bbox 1192 932 1307 979; x_wconf 76' lang='lat' dir='ltr'><strong>censen</strong></span> 
     </span>
     <span class='ocr_line' id='line_1_8' title="bbox 191 994 1310 1099; baseline 0.001 -39"><span class='ocrx_word' id='word_1_53' title='bbox 191 995 279 1071; x_wconf 84' lang='lat' dir='ltr'><strong>irati,</strong></span> <span class='ocrx_word' id='word_1_54' title='bbox 315 996 433 1099; x_wconf 75' lang='lat' dir='ltr'><strong>inquit,</strong></span> <span class='ocrx_word' id='word_1_55' title='bbox 463 997 506 1061; x_wconf 93' lang='lat' dir='ltr'><strong>dii</strong></span> <span class='ocrx_word' id='word_1_56' title='bbox 534 994 600 1059; x_wconf 93' lang='lat' dir='ltr'><strong>duo</strong></span> <span class='ocrx_word' id='word_1_57' title='bbox 633 998 715 1063; x_wconf 84' lang='lat' dir='ltr'><strong>mala</strong></span> <span class='ocrx_word' id='word_1_58' title='bbox 744 997 836 1064; x_wconf 82' lang='lat' dir='ltr'><strong>terris</strong></span> <span class='ocrx_word' id='word_1_59' title='bbox 871 996 1083 1077; x_wconf 83' lang='lat' dir='ltr'><strong>immiserunt,</strong></span> <span class='ocrx_word' id='word_1_60' title='bbox 1125 998 1250 1064; x_wconf 76' lang='lat' dir='ltr'><strong>morbos</strong></span> <span class='ocrx_word' id='word_1_61' title='bbox 1282 1006 1310 1061; x_wconf 87' lang='lat' dir='ltr'><strong>et</strong></span> 
     </span>
     <span class='ocr_line' id='line_1_9' title="bbox 192 1078 1310 1167; baseline 0.004 -22"><span class='ocrx_word' id='word_1_62' title='bbox 192 1078 321 1159; x_wconf 82' lang='lat' dir='ltr'><strong>macies,</strong></span> <span class='ocrx_word' id='word_1_63' title='bbox 341 1094 424 1147; x_wconf 74' lang='lat' dir='ltr'><strong>sieut</strong></span> <span class='ocrx_word' id='word_1_64' title='bbox 448 1092 482 1148; x_wconf 88' lang='lat' dir='ltr'><strong>et</strong></span> <span class='ocrx_word' id='word_1_65' title='bbox 502 1082 545 1148; x_wconf 81' lang='lat' dir='ltr'><strong>sa</strong></span> <span class='ocrx_word' id='word_1_66' title='bbox 569 1081 631 1167; x_wconf 87' lang='lat' dir='ltr'><strong>pho</strong></span> <span class='ocrx_word' id='word_1_67' title='bbox 654 1095 686 1150; x_wconf 90' lang='lat' dir='ltr'><strong>et</strong></span> <span class='ocrx_word' id='word_1_68' title='bbox 699 1080 861 1149; x_wconf 83' lang='lat' dir='ltr'><strong>Hesiodus</strong></span> <span class='ocrx_word' id='word_1_69' title='bbox 882 1095 1065 1149; x_wconf 75' lang='lat' dir='ltr'><strong>memorant</strong></span> <span class='ocrx_word' id='word_1_70' title='bbox 1108 1080 1206 1159; x_wconf 85' lang='lat' dir='ltr'><strong>Quod</strong></span> <span class='ocrx_word' id='word_1_71' title='bbox 1225 1080 1310 1149; x_wconf 78' lang='lat' dir='ltr'><strong>etium</strong></span> 
     </span>
     <span class='ocr_line' id='line_1_10' title="bbox 192 1103 631 1253; baseline 0.005 -22"><span class='ocrx_word' id='word_1_72' title='bbox 192 1166 345 1233; x_wconf 76' lang='lat' dir='ltr'><strong>Horatius</strong></span> <span class='ocrx_word' id='word_1_73' title='bbox 371 1178 507 1253; x_wconf 86' lang='lat' dir='ltr'><strong>tangens</strong></span> <span class='ocrx_word' id='word_1_74' title='bbox 540 1103 631 1233; x_wconf 86' lang='lat' dir='ltr'><strong>dicit:</strong></span> 
     </span>
     <span class='ocr_line' id='line_1_11' title="bbox 150 1250 895 1317; baseline 0.013 -10"><span class='ocrx_word' id='word_1_75' title='bbox 150 1256 189 1307; x_wconf 78' lang='grc' dir='ltr'><strong>ιο</strong></span> <span class='ocrx_word' id='word_1_76' title='bbox 279 1250 367 1315; x_wconf 80' lang='lat' dir='ltr'><strong>Post</strong></span> <span class='ocrx_word' id='word_1_77' title='bbox 393 1252 407 1315; x_wconf 86' lang='lat' dir='ltr'><strong>i</strong></span> <span class='ocrx_word' id='word_1_78' title='bbox 433 1274 511 1314; x_wconf 81' lang='lat' dir='ltr'><strong>aem</strong></span> <span class='ocrx_word' id='word_1_79' title='bbox 539 1250 694 1316; x_wconf 82' lang='lat' dir='ltr'><strong>cetlteria</strong></span> <span class='ocrx_word' id='word_1_80' title='bbox 721 1252 819 1317; x_wconf 84' lang='lat' dir='ltr'><strong>domo</strong></span> <span class='ocrx_word' id='word_1_81' title='bbox 891 1292 895 1301; x_wconf 91' lang='lat'>·</span> 
     </span>
     <span class='ocr_line' id='line_1_12' title="bbox 320 1331 1043 1424; baseline -0.001 -25"><span class='ocrx_word' id='word_1_82' title='bbox 320 1331 389 1399; x_wconf 83' lang='lat' dir='ltr'><strong>Sub</strong></span> <span class='ocrx_word' id='word_1_83' title='bbox 414 1346 552 1409; x_wconf 79' lang='lat' dir='ltr'><strong>uelum,</strong></span> <span class='ocrx_word' id='word_1_84' title='bbox 579 1334 705 1401; x_wconf 72' lang='lat' dir='ltr'><strong>noar-ies</strong></span> <span class='ocrx_word' id='word_1_85' title='bbox 726 1347 761 1400; x_wconf 86' lang='lat' dir='ltr'><strong>et</strong></span> <span class='ocrx_word' id='word_1_86' title='bbox 782 1361 872 1403; x_wconf 85' lang='lat' dir='ltr'><strong>rrova</strong></span> <span class='ocrx_word' id='word_1_87' title='bbox 883 1332 1043 1424; x_wconf 80' lang='lat' dir='ltr'><strong>febrium</strong></span> 
     </span>
     <span class='ocr_line' id='line_1_13' title="bbox 282 1416 792 1484; baseline 0.002 -1"><span class='ocrx_word' id='word_1_88' title='bbox 282 1416 401 1484; x_wconf 81' lang='lat' dir='ltr'><strong>Terris</strong></span> <span class='ocrx_word' id='word_1_89' title='bbox 420 1416 577 1483; x_wconf 79' lang='lat' dir='ltr'><strong>incubuit</strong></span> <span class='ocrx_word' id='word_1_90' title='bbox 604 1418 731 1484; x_wconf 73' lang='lat' dir='ltr'><strong>cohors.</strong></span> <span class='ocrx_word' id='word_1_91' title='bbox 789 1440 792 1451; x_wconf 91' lang='grc'><strong><em>·</em></strong></span> 
     </span>
     <span class='ocr_line' id='line_1_14' title="bbox 191 1500 1310 1592; baseline -0.002 -23"><span class='ocrx_word' id='word_1_92' title='bbox 191 1502 300 1592; x_wconf 82' lang='lat' dir='ltr'><strong>lpsum</strong></span> <span class='ocrx_word' id='word_1_93' title='bbox 318 1502 413 1571; x_wconf 86' lang='lat' dir='ltr'><strong>etium</strong></span> <span class='ocrx_word' id='word_1_94' title='bbox 440 1503 666 1571; x_wconf 79' lang='lat' dir='ltr'><strong>Prometheum</strong></span> <span class='ocrx_word' id='word_1_95' title='bbox 694 1526 750 1592; x_wconf 87' lang='lat' dir='ltr'><strong>per</strong></span> <span class='ocrx_word' id='word_1_96' title='bbox 771 1503 964 1570; x_wconf 80' lang='lat' dir='ltr'><strong>Mercurium</strong></span> <span class='ocrx_word' id='word_1_97' title='bbox 985 1501 1016 1569; x_wconf 94' lang='lat' dir='ltr'><strong>in</strong></span> <span class='ocrx_word' id='word_1_98' title='bbox 1044 1512 1154 1568; x_wconf 85' lang='lat' dir='ltr'><strong>moute</strong></span> <span class='ocrx_word' id='word_1_99' title='bbox 1172 1500 1310 1569; x_wconf 72' lang='lat' dir='ltr'><strong>cauma</strong></span> 
     </span>
     <span class='ocr_line' id='line_1_15' title="bbox 192 1585 1310 1677; baseline -0.004 -23"><span class='ocrx_word' id='word_1_100' title='bbox 192 1590 406 1677; x_wconf 76' lang='lat' dir='ltr'><strong>religaverunt</strong></span> <span class='ocrx_word' id='word_1_101' title='bbox 426 1587 468 1653; x_wconf 91' lang='lat' dir='ltr'><strong>nd</strong></span> <span class='ocrx_word' id='word_1_102' title='bbox 489 1611 618 1667; x_wconf 80' lang='lat' dir='ltr'><strong>saxum,</strong></span> <span class='ocrx_word' id='word_1_103' title='bbox 655 1599 688 1654; x_wconf 90' lang='lat' dir='ltr'><strong>et</strong></span> <span class='ocrx_word' id='word_1_104' title='bbox 712 1588 853 1657; x_wconf 88' lang='lat' dir='ltr'><strong>adhibita&#39;</strong></span> <span class='ocrx_word' id='word_1_105' title='bbox 873 1599 922 1654; x_wconf 87' lang='lat' dir='ltr'><strong>est</strong></span> <span class='ocrx_word' id='word_1_106' title='bbox 950 1585 1070 1675; x_wconf 79' lang='lat' dir='ltr'><strong>aquila,</strong></span> <span class='ocrx_word' id='word_1_107' title='bbox 1108 1599 1145 1653; x_wconf 89' lang='lat' dir='ltr'><strong>ut</strong></span> <span class='ocrx_word' id='word_1_108' title='bbox 1166 1608 1224 1653; x_wconf 88' lang='lat' dir='ltr'><strong>cor</strong></span> <span class='ocrx_word' id='word_1_109' title='bbox 1242 1606 1310 1651; x_wconf 80' lang='lat' dir='ltr'><strong>exe·</strong></span> 
     </span>
     <span class='ocr_line' id='line_1_16' title="bbox 152 1671 1309 1762; baseline -0.006 -22"><span class='ocrx_word' id='word_1_110' title='bbox 152 1682 186 1732; x_wconf 79' lang='lat' dir='ltr'><strong>lu</strong></span> <span class='ocrx_word' id='word_1_111' title='bbox 194 1675 295 1741; x_wconf 84' lang='lat' dir='ltr'><strong>deret.</strong></span> <span class='ocrx_word' id='word_1_112' title='bbox 338 1675 431 1740; x_wconf 85' lang='lat' dir='ltr'><strong>llaec</strong></span> <span class='ocrx_word' id='word_1_113' title='bbox 451 1687 567 1749; x_wconf 77' lang='lat' dir='ltr'><strong>eutem,</strong></span> <span class='ocrx_word' id='word_1_114' title='bbox 587 1674 696 1762; x_wconf 80' lang='lat' dir='ltr'><strong>inquit,</strong></span> <span class='ocrx_word' id='word_1_115' title='bbox 717 1674 822 1740; x_wconf 83' lang='lat' dir='ltr'><strong>omnin</strong></span> <span class='ocrx_word' id='word_1_116' title='bbox 839 1696 901 1739; x_wconf 89' lang='lat' dir='ltr'><strong>non</strong></span> <span class='ocrx_word' id='word_1_117' title='bbox 922 1671 990 1738; x_wconf 86' lang='lat' dir='ltr'><strong>sine</strong></span> <span class='ocrx_word' id='word_1_118' title='bbox 1011 1672 1134 1739; x_wconf 83' lang='lat' dir='ltr'><strong>ratione</strong></span> <span class='ocrx_word' id='word_1_119' title='bbox 1149 1672 1309 1759; x_wconf 84' lang='lat' dir='ltr'><strong>linguntur.</strong></span> 
     </span>
     <span class='ocr_line' id='line_1_17' title="bbox 192 1754 1310 1837; baseline -0.004 -12"><span class='ocrx_word' id='word_1_120' title='bbox 192 1760 275 1825; x_wconf 85' lang='lat' dir='ltr'><strong>Nam</strong></span> <span class='ocrx_word' id='word_1_121' title='bbox 296 1759 508 1828; x_wconf 81' lang='lat' dir='ltr'><strong>Prometheus</strong></span> <span class='ocrx_word' id='word_1_122' title='bbox 536 1759 582 1824; x_wconf 87' lang='lat' dir='ltr'><strong>rir</strong></span> <span class='ocrx_word' id='word_1_123' title='bbox 631 1757 866 1827; x_wconf 84' lang='lat' dir='ltr'><strong>rudentissimus</strong></span> <span class='ocrx_word' id='word_1_124' title='bbox 898 1757 974 1837; x_wconf 80' lang='lat' dir='ltr'><strong>iuit3</strong></span> <span class='ocrx_word' id='word_1_125' title='bbox 1007 1756 1094 1823; x_wconf 89' lang='lat' dir='ltr'><strong>unde</strong></span> <span class='ocrx_word' id='word_1_126' title='bbox 1121 1758 1217 1824; x_wconf 82' lang='grc' dir='ltr'><strong>ειὶιιιι</strong></span> <span class='ocrx_word' id='word_1_127' title='bbox 1236 1754 1310 1822; x_wconf 84' lang='lat' dir='ltr'><strong>Pru-</strong></span> 
     </span>
     <span class='ocr_line' id='line_1_18' title="bbox 191 1836 1312 1945; baseline -0.004 -35"><span class='ocrx_word' id='word_1_128' title='bbox 191 1845 337 1911; x_wconf 83' lang='lat' dir='ltr'><strong>metlreus</strong></span> <span class='ocrx_word' id='word_1_129' title='bbox 359 1855 409 1911; x_wconf 88' lang='lat' dir='ltr'><strong>est</strong></span> <span class='ocrx_word' id='word_1_130' title='bbox 429 1842 534 1910; x_wconf 85' lang='lat' dir='ltr'><strong>dictus</strong></span> <span class='ocrx_word' id='word_1_131' title='bbox 555 1866 575 1909; x_wconf 82' lang='lat' dir='ltr'><strong>a</strong></span> <span class='ocrx_word' id='word_1_132' title='bbox 628 1866 721 1910; x_wconf 83' lang='lat' dir='ltr'><strong>raeco</strong></span> <span class='ocrx_word' id='word_1_133' title='bbox 743 1836 949 1945; x_wconf 70' lang='grc' dir='ltr'><strong>προμήθεια,</strong></span> <span class='ocrx_word' id='word_1_134' title='bbox 967 1840 1001 1909; x_wconf 95' lang='lat' dir='ltr'><strong>id</strong></span> <span class='ocrx_word' id='word_1_135' title='bbox 1021 1853 1072 1909; x_wconf 87' lang='lat' dir='ltr'><strong>est</strong></span> <span class='ocrx_word' id='word_1_136' title='bbox 1088 1840 1312 1930; x_wconf 79' lang='lat' dir='ltr'><strong>providentio.</strong></span> 
     </span>
     <span class='ocr_line' id='line_1_19' title="bbox 191 1922 1310 2019; baseline -0.005 -24"><span class='ocrx_word' id='word_1_137' title='bbox 191 1930 258 1995; x_wconf 85' lang='lat' dir='ltr'><strong>Hic</strong></span> <span class='ocrx_word' id='word_1_138' title='bbox 276 1930 394 2016; x_wconf 88' lang='lat' dir='ltr'><strong>primus</strong></span> <span class='ocrx_word' id='word_1_139' title='bbox 415 1928 616 2014; x_wconf 75' lang='lat' dir='ltr'><strong>astrologiam</strong></span> <span class='ocrx_word' id='word_1_140' title='bbox 637 1930 770 2019; x_wconf 81' lang='lat' dir='ltr'><strong>Assyriis</strong></span> <span class='ocrx_word' id='word_1_141' title='bbox 789 1928 954 2007; x_wconf 77' lang='lat' dir='ltr'><strong>indicarit,</strong></span> <span class='ocrx_word' id='word_1_142' title='bbox 991 1949 1086 2015; x_wconf 87' lang='lat' dir='ltr'><strong>quam</strong></span> <span class='ocrx_word' id='word_1_143' title='bbox 1112 1922 1255 1993; x_wconf 77' lang='lat' dir='ltr'><strong>residem</strong></span> <span class='ocrx_word' id='word_1_144' title='bbox 1282 1925 1310 1989; x_wconf 93' lang='lat' dir='ltr'><strong>in</strong></span> 
     </span>
     <span class='ocr_line' id='line_1_20' title="bbox 192 2009 1311 2099; baseline -0.005 -19"><span class='ocrx_word' id='word_1_145' title='bbox 192 2014 341 2080; x_wconf 85' lang='lat' dir='ltr'><strong>Caucaso</strong></span> <span class='ocrx_word' id='word_1_146' title='bbox 364 2013 513 2081; x_wconf 84' lang='lat' dir='ltr'><strong>altissimo</strong></span> <span class='ocrx_word' id='word_1_147' title='bbox 535 2013 628 2078; x_wconf 88' lang='lat' dir='ltr'><strong>nimia</strong></span> <span class='ocrx_word' id='word_1_148' title='bbox 649 2037 727 2080; x_wconf 87' lang='lat' dir='ltr'><strong>cura</strong></span> <span class='ocrx_word' id='word_1_149' title='bbox 749 2024 783 2081; x_wconf 89' lang='lat' dir='ltr'><strong>et</strong></span> <span class='ocrx_word' id='word_1_150' title='bbox 803 2011 1010 2080; x_wconf 85' lang='lat' dir='ltr'><strong>sollicitudine</strong></span> <span class='ocrx_word' id='word_1_151' title='bbox 1023 2010 1213 2099; x_wconf 79' lang='lat' dir='ltr'><strong>perviderat.</strong></span> <span class='ocrx_word' id='word_1_152' title='bbox 1251 2009 1311 2076; x_wconf 80' lang='lat' dir='ltr'><strong>llic</strong></span> 
     </span>
     <span class='ocr_line' id='line_1_21' title="bbox 148 2092 1310 2186; baseline -0.003 -22"><span class='ocrx_word' id='word_1_153' title='bbox 148 2106 297 2165; x_wconf 65' lang='lat' dir='ltr'><strong>”euntem</strong></span> <span class='ocrx_word' id='word_1_154' title='bbox 316 2121 406 2164; x_wconf 90' lang='lat' dir='ltr'><strong>mons</strong></span> <span class='ocrx_word' id='word_1_155' title='bbox 428 2109 476 2163; x_wconf 92' lang='lat' dir='ltr'><strong>est</strong></span> <span class='ocrx_word' id='word_1_156' title='bbox 497 2098 616 2185; x_wconf 84' lang='lat' dir='ltr'><strong>positus</strong></span> <span class='ocrx_word' id='word_1_157' title='bbox 637 2099 722 2166; x_wconf 86' lang='lat' dir='ltr'><strong>circa</strong></span> <span class='ocrx_word' id='word_1_158' title='bbox 742 2099 905 2186; x_wconf 80' lang='lat' dir='ltr'><strong>Assyrios,</strong></span> <span class='ocrx_word' id='word_1_159' title='bbox 932 2097 1050 2164; x_wconf 88' lang='lat' dir='ltr'><strong>vicinus</strong></span> <span class='ocrx_word' id='word_1_160' title='bbox 1103 2118 1184 2163; x_wconf 86' lang='lat' dir='ltr'><strong>aene</strong></span> <span class='ocrx_word' id='word_1_161' title='bbox 1207 2092 1310 2163; x_wconf 79' lang='lat' dir='ltr'><strong>sideri·</strong></span> 
     </span>
     <span class='ocr_line' id='line_1_22' title="bbox 149 2120 1309 2272; baseline -0.001 -24"><span class='ocrx_word' id='word_1_162' title='bbox 149 2214 152 2221; x_wconf 96' lang='lat'>·</span> <span class='ocrx_word' id='word_1_163' title='bbox 191 2185 268 2262; x_wconf 77' lang='lat' dir='ltr'><strong>bus3</strong></span> <span class='ocrx_word' id='word_1_164' title='bbox 300 2183 386 2249; x_wconf 91' lang='lat' dir='ltr'><strong>unde</strong></span> <span class='ocrx_word' id='word_1_165' title='bbox 409 2183 503 2248; x_wconf 89' lang='lat' dir='ltr'><strong>etiam</strong></span> <span class='ocrx_word' id='word_1_166' title='bbox 523 2183 642 2272; x_wconf 86' lang='lat' dir='ltr'><strong>majora</strong></span> <span class='ocrx_word' id='word_1_167' title='bbox 664 2196 749 2250; x_wconf 87' lang='lat' dir='ltr'><strong>astra</strong></span> <span class='ocrx_word' id='word_1_168' title='bbox 780 2182 992 2257; x_wconf 84' lang='lat' dir='ltr'><strong>demonstrat,</strong></span> <span class='ocrx_word' id='word_1_169' title='bbox 1020 2194 1054 2249; x_wconf 90' lang='lat' dir='ltr'><strong>et</strong></span> <span class='ocrx_word' id='word_1_170' title='bbox 1072 2120 1241 2269; x_wconf 86' lang='lat' dir='ltr'><strong>diligenter</strong></span> <span class='ocrx_word' id='word_1_171' title='bbox 1259 2200 1309 2247; x_wconf 82' lang='lat' dir='ltr'><strong>eo·</strong></span> 
     </span>
     <span class='ocr_line' id='line_1_23' title="bbox 189 2266 1311 2356; baseline -0.001 -24"><span class='ocrx_word' id='word_1_172' title='bbox 189 2289 260 2333; x_wconf 91' lang='lat' dir='ltr'><strong>rum</strong></span> <span class='ocrx_word' id='word_1_173' title='bbox 281 2280 369 2333; x_wconf 87' lang='lat' dir='ltr'><strong>ortus</strong></span> <span class='ocrx_word' id='word_1_174' title='bbox 397 2288 595 2355; x_wconf 82' lang='lat' dir='ltr'><strong>occasusque</strong></span> <span class='ocrx_word' id='word_1_175' title='bbox 622 2267 789 2353; x_wconf 66' lang='lat' dir='ltr'><strong>significat·</strong></span> <span class='ocrx_word' id='word_1_176' title='bbox 843 2268 967 2336; x_wconf 84' lang='lat' dir='ltr'><strong>Dicitur</strong></span> <span class='ocrx_word' id='word_1_177' title='bbox 992 2279 1099 2334; x_wconf 89' lang='lat' dir='ltr'><strong>eutem</strong></span> <span class='ocrx_word' id='word_1_178' title='bbox 1127 2266 1233 2356; x_wconf 83' lang='lat' dir='ltr'><strong>aquile</strong></span> <span class='ocrx_word' id='word_1_179' title='bbox 1258 2284 1311 2331; x_wconf 89' lang='lat' dir='ltr'><strong>cor</strong></span> 
     </span>
     <span class='ocr_line' id='line_1_24' title="bbox 188 2350 1311 2506; baseline 0 -89"><span class='ocrx_word' id='word_1_180' title='bbox 188 2352 456 2503; x_wconf 47' lang='lat' dir='ltr'><strong>eg‘rlrgmexebarnee,q</strong></span> <span class='ocrx_word' id='word_1_181' title='bbox 477 2353 559 2502; x_wconf 60' lang='lat' dir='ltr'><strong>guiar</strong></span> <span class='ocrx_word' id='word_1_182' title='bbox 579 2363 669 2503; x_wconf 60' lang='lat' dir='ltr'><strong>{th</strong></span> <span class='ocrx_word' id='word_1_183' title='bbox 697 2367 746 2506; x_wconf 60' lang='lat' dir='ltr'><strong>egt</strong></span> <span class='ocrx_word' id='word_1_184' title='bbox 762 2352 967 2506; x_wconf 51' lang='lat' dir='ltr'><strong>estollicigudm</strong></span> <span class='ocrx_word' id='word_1_185' title='bbox 1015 2350 1141 2504; x_wconf 57' lang='lat' dir='ltr'><strong>tuahdiie</strong></span> <span class='ocrx_word' id='word_1_186' title='bbox 1170 2351 1311 2501; x_wconf 60' lang='lat' dir='ltr'><strong>delectu:</strong></span> 
     </span>
     <span class='ocr_line' id='line_1_25' title="bbox 145 2458 1309 2612; baseline 0.004 -31"><span class='ocrx_word' id='word_1_187' title='bbox 145 2460 398 2610; x_wconf 62' lang='lat' dir='ltr'><strong>minanderiiidiii</strong></span> <span class='ocrx_word' id='word_1_188' title='bbox 410 2459 1113 2612; x_wconf 52' lang='lat' dir='ltr'><strong>fecit‚epdriceenlllbiburio‚mriuisbrudenliue</strong></span> <span class='ocrx_word' id='word_1_189' title='bbox 1133 2458 1309 2589; x_wconf 70' lang='lat' dir='ltr'><strong>eiuiddoirb</strong></span> 
     </span>
     <span class='ocr_line' id='line_1_26' title="bbox 146 2606 1310 2696; baseline -0.002 -25"><span class='ocrx_word' id='word_1_190' title='bbox 146 2628 152 2637; x_wconf 92' lang='lat'>·</span> <span class='ocrx_word' id='word_1_191' title='bbox 188 2606 268 2673; x_wconf 86' lang='lat' dir='ltr'><strong>deus</strong></span> <span class='ocrx_word' id='word_1_192' title='bbox 288 2618 355 2683; x_wconf 81' lang='lat' dir='ltr'><strong>est,</strong></span> <span class='ocrx_word' id='word_1_193' title='bbox 383 2607 425 2673; x_wconf 84' lang='lat' dir='ltr'><strong>ad</strong></span> <span class='ocrx_word' id='word_1_194' title='bbox 445 2629 555 2673; x_wconf 80' lang='lat' dir='ltr'><strong>saxum</strong></span> <span class='ocrx_word' id='word_1_195' title='bbox 577 2609 691 2675; x_wconf 90' lang='lat' dir='ltr'><strong>dicitur</strong></span> <span class='ocrx_word' id='word_1_196' title='bbox 713 2630 784 2675; x_wconf 89' lang='lat' dir='ltr'><strong>esse</strong></span> <span class='ocrx_word' id='word_1_197' title='bbox 805 2608 930 2694; x_wconf 79' lang='lat' dir='ltr'><strong>ligatus.</strong></span> <span class='ocrx_word' id='word_1_198' title='bbox 980 2606 1201 2694; x_wconf 85' lang='lat' dir='ltr'><strong>Deprehendit</strong></span> <span class='ocrx_word' id='word_1_199' title='bbox 1221 2626 1310 2696; x_wconf 82' lang='lat' dir='ltr'><strong>prae·</strong></span> 
     </span>
     <span class='ocr_line' id='line_1_27' title="bbox 185 2690 1308 2773; baseline -0.002 -15"><span class='ocrx_word' id='word_1_200' title='bbox 185 2703 276 2759; x_wconf 85' lang='lat' dir='ltr'><strong>terea</strong></span> <span class='ocrx_word' id='word_1_201' title='bbox 296 2694 449 2759; x_wconf 81' lang='lat' dir='ltr'><strong>rationem</strong></span> <span class='ocrx_word' id='word_1_202' title='bbox 464 2692 642 2773; x_wconf 78' lang='lat' dir='ltr'><strong>fulminum,</strong></span> <span class='ocrx_word' id='word_1_203' title='bbox 678 2703 711 2759; x_wconf 89' lang='lat' dir='ltr'><strong>et</strong></span> <span class='ocrx_word' id='word_1_204' title='bbox 733 2693 907 2762; x_wconf 82' lang='lat' dir='ltr'><strong>hominibus</strong></span> <span class='ocrx_word' id='word_1_205' title='bbox 928 2690 1092 2771; x_wconf 55' lang='lat' dir='ltr'><strong>iudicarim</strong></span> <span class='ocrx_word' id='word_1_206' title='bbox 1126 2690 1214 2757; x_wconf 86' lang='lat' dir='ltr'><strong>unde</strong></span> <span class='ocrx_word' id='word_1_207' title='bbox 1240 2712 1308 2759; x_wconf 72' lang='lat' dir='ltr'><strong>cue·</strong></span> 
     </span>
     <span class='ocr_line' id='line_1_28' title="bbox 186 2776 1309 2866; baseline -0.002 -25"><span class='ocrx_word' id='word_1_208' title='bbox 186 2777 295 2845; x_wconf 86' lang='lat' dir='ltr'><strong>lestem</strong></span> <span class='ocrx_word' id='word_1_209' title='bbox 316 2779 424 2865; x_wconf 80' lang='lat' dir='ltr'><strong>ignem</strong></span> <span class='ocrx_word' id='word_1_210' title='bbox 446 2776 561 2845; x_wconf 91' lang='lat' dir='ltr'><strong>dicitur</strong></span> <span class='ocrx_word' id='word_1_211' title='bbox 581 2802 652 2845; x_wconf 89' lang='lat' dir='ltr'><strong>esse</strong></span> <span class='ocrx_word' id='word_1_212' title='bbox 675 2780 805 2844; x_wconf 83' lang='lat' dir='ltr'><strong>iuratus.</strong></span> <span class='ocrx_word' id='word_1_213' title='bbox 857 2777 924 2845; x_wconf 86' lang='lat' dir='ltr'><strong>Sed</strong></span> <span class='ocrx_word' id='word_1_214' title='bbox 953 2791 987 2845; x_wconf 88' lang='lat' dir='ltr'><strong>et</strong></span> <span class='ocrx_word' id='word_1_215' title='bbox 1014 2776 1152 2866; x_wconf 84' lang='lat' dir='ltr'><strong>quadam</strong></span> <span class='ocrx_word' id='word_1_216' title='bbox 1182 2789 1251 2845; x_wconf 84' lang='lat' dir='ltr'><strong>arte</strong></span> <span class='ocrx_word' id='word_1_217' title='bbox 1270 2776 1309 2841; x_wconf 79' lang='lat' dir='ltr'><strong>ab</strong></span> 
     </span>
     <span class='ocr_line' id='line_1_29' title="bbox 188 2862 1309 2953; baseline -0.001 -25"><span class='ocrx_word' id='word_1_218' title='bbox 188 2886 227 2928; x_wconf 94' lang='lat' dir='ltr'><strong>eo</strong></span> <span class='ocrx_word' id='word_1_219' title='bbox 251 2878 422 2931; x_wconf 87' lang='lat' dir='ltr'><strong>monstrata</strong></span> <span class='ocrx_word' id='word_1_220' title='bbox 445 2886 599 2952; x_wconf 76' lang='lat' dir='ltr'><strong>sinpernus</strong></span> <span class='ocrx_word' id='word_1_221' title='bbox 620 2865 702 2953; x_wconf 81' lang='lat' dir='ltr'><strong>ignis</strong></span> <span class='ocrx_word' id='word_1_222' title='bbox 723 2863 922 2942; x_wconf 78' lang='lat' dir='ltr'><strong>eliciebatur,</strong></span> <span class='ocrx_word' id='word_1_223' title='bbox 957 2862 1010 2951; x_wconf 91' lang='lat' dir='ltr'><strong>qui</strong></span> <span class='ocrx_word' id='word_1_224' title='bbox 1037 2862 1219 2929; x_wconf 83' lang='lat' dir='ltr'><strong>mortalibus</strong></span> <span class='ocrx_word' id='word_1_225' title='bbox 1240 2883 1309 2951; x_wconf 81' lang='lat' dir='ltr'><strong>pru·</strong></span> 
     </span>
     <span class='ocr_line' id='line_1_30' title="bbox 144 2945 1309 3099; baseline -0.002 -85"><span class='ocrx_word' id='word_1_226' title='bbox 144 2947 264 3028; x_wconf 71' lang='lat' dir='ltr'><strong>notuit,</strong></span> <span class='ocrx_word' id='word_1_227' title='bbox 297 2949 371 3014; x_wconf 93' lang='lat' dir='ltr'><strong>dum</strong></span> <span class='ocrx_word' id='word_1_228' title='bbox 405 2952 485 3014; x_wconf 90' lang='lat' dir='ltr'><strong>bene</strong></span> <span class='ocrx_word' id='word_1_229' title='bbox 512 2972 551 3014; x_wconf 91' lang='grc' dir='ltr'><strong>εο</strong></span> <span class='ocrx_word' id='word_1_230' title='bbox 581 2953 627 3015; x_wconf 90' lang='lat' dir='ltr'><strong>usi</strong></span> <span class='ocrx_word' id='word_1_231' title='bbox 657 2960 738 3015; x_wconf 89' lang='lat' dir='ltr'><strong>sunt.</strong></span> <span class='ocrx_word' id='word_1_232' title='bbox 791 2949 875 3017; x_wconf 85' lang='lat' dir='ltr'><strong>Nam</strong></span> <span class='ocrx_word' id='word_1_233' title='bbox 898 2958 1013 3099; x_wconf 60' lang='lat' dir='ltr'><strong>§osten</strong></span> <span class='ocrx_word' id='word_1_234' title='bbox 1037 2945 1120 3012; x_wconf 85' lang='lat' dir='ltr'><strong>mulo</strong></span> <span class='ocrx_word' id='word_1_235' title='bbox 1151 2946 1309 3013; x_wconf 86' lang='lat' dir='ltr'><strong>bominum</strong></span> 
     </span>
     <span class='ocr_line' id='line_1_31' title="bbox 186 3030 1309 3101; baseline -0.003 -1"><span class='ocrx_word' id='word_1_236' title='bbox 186 3033 299 3100; x_wconf 85' lang='lat' dir='ltr'><strong>osuin</strong></span> <span class='ocrx_word' id='word_1_237' title='bbox 345 3034 493 3101; x_wconf 89' lang='lat' dir='ltr'><strong>erniciem</strong></span> <span class='ocrx_word' id='word_1_238' title='bbox 514 3056 623 3100; x_wconf 90' lang='lat' dir='ltr'><strong>eorum</strong></span> <span class='ocrx_word' id='word_1_239' title='bbox 653 3055 760 3101; x_wconf 81' lang='lat' dir='ltr'><strong>versus</strong></span> <span class='ocrx_word' id='word_1_240' title='bbox 791 3044 848 3101; x_wconf 79' lang='lat' dir='ltr'><strong>est.</strong></span> <span class='ocrx_word' id='word_1_241' title='bbox 923 3033 990 3100; x_wconf 89' lang='lat' dir='ltr'><strong>icut</strong></span> <span class='ocrx_word' id='word_1_242' title='bbox 1018 3030 1050 3095; x_wconf 93' lang='lat' dir='ltr'><strong>in</strong></span> <span class='ocrx_word' id='word_1_243' title='bbox 1075 3030 1168 3099; x_wconf 79' lang='lat' dir='ltr'><strong>Livio</strong></span> <span class='ocrx_word' id='word_1_244' title='bbox 1195 3031 1309 3099; x_wconf 88' lang='lat' dir='ltr'><strong>lectum</strong></span> 
     </span>
    </p>
   </div>
   <div class='ocr_carea' id='block_1_4' title="bbox 141 3057 1309 3443">
    <p class='ocr_par' dir='ltr' id='par_1_4' title="bbox 141 3057 1309 3443">
     <span class='ocr_line' id='line_1_32' title="bbox 185 3057 1309 3209; baseline -0.002 -25"><span class='ocrx_word' id='word_1_245' title='bbox 185 3131 236 3185; x_wconf 89' lang='lat' dir='ltr'><strong>est</strong></span> <span class='ocrx_word' id='word_1_246' title='bbox 256 3116 298 3183; x_wconf 92' lang='lat' dir='ltr'><strong>de</strong></span> <span class='ocrx_word' id='word_1_247' title='bbox 314 3057 407 3185; x_wconf 71' lang='lat' dir='ltr'><strong>&#39;i&#39;ullo</strong></span> <span class='ocrx_word' id='word_1_248' title='bbox 429 3120 575 3200; x_wconf 85' lang='lat' dir='ltr'><strong>Hostilio,</strong></span> <span class='ocrx_word' id='word_1_249' title='bbox 595 3120 648 3209; x_wconf 84' lang='lat' dir='ltr'><strong>qui</strong></span> <span class='ocrx_word' id='word_1_250' title='bbox 667 3120 740 3184; x_wconf 88' lang='lat' dir='ltr'><strong>ideo</strong></span> <span class='ocrx_word' id='word_1_251' title='bbox 762 3131 889 3186; x_wconf 77' lang='lat' dir='ltr'><strong>exustus</strong></span> <span class='ocrx_word' id='word_1_252' title='bbox 911 3131 961 3185; x_wconf 86' lang='lat' dir='ltr'><strong>est</strong></span> <span class='ocrx_word' id='word_1_253' title='bbox 980 3139 1052 3183; x_wconf 85' lang='lat' dir='ltr'><strong>cum</strong></span> <span class='ocrx_word' id='word_1_254' title='bbox 1071 3119 1218 3184; x_wconf 87' lang='lat' dir='ltr'><strong>omuibus</strong></span> <span class='ocrx_word' id='word_1_255' title='bbox 1238 3117 1309 3185; x_wconf 81' lang='lat' dir='ltr'><strong>suis.</strong></span> 
     </span>
     <span class='ocr_line' id='line_1_33' title="bbox 184 3200 1309 3292; baseline 0.002 -26"><span class='ocrx_word' id='word_1_256' title='bbox 184 3202 292 3269; x_wconf 87' lang='lat' dir='ltr'><strong>Numa</strong></span> <span class='ocrx_word' id='word_1_257' title='bbox 318 3226 391 3270; x_wconf 85' lang='lat' dir='ltr'><strong>vero</strong></span> <span class='ocrx_word' id='word_1_258' title='bbox 423 3204 595 3292; x_wconf 82' lang='lat' dir='ltr'><strong>Pompilius</strong></span> <span class='ocrx_word' id='word_1_259' title='bbox 623 3206 664 3270; x_wconf 91' lang='lat' dir='ltr'><strong>im</strong></span> <span class='ocrx_word' id='word_1_260' title='bbox 689 3228 750 3270; x_wconf 89' lang='lat' dir='ltr'><strong>une</strong></span> <span class='ocrx_word' id='word_1_261' title='bbox 778 3228 818 3269; x_wconf 93' lang='lat' dir='ltr'><strong>eo</strong></span> <span class='ocrx_word' id='word_1_262' title='bbox 846 3226 922 3270; x_wconf 85' lang='lat' dir='ltr'><strong>usus</strong></span> <span class='ocrx_word' id='word_1_263' title='bbox 943 3214 992 3269; x_wconf 89' lang='lat' dir='ltr'><strong>est</strong></span> <span class='ocrx_word' id='word_1_264' title='bbox 1019 3212 1143 3269; x_wconf 85' lang='lat' dir='ltr'><strong>tantum</strong></span> <span class='ocrx_word' id='word_1_265' title='bbox 1162 3202 1195 3269; x_wconf 95' lang='lat' dir='ltr'><strong>in</strong></span> <span class='ocrx_word' id='word_1_266' title='bbox 1213 3200 1309 3269; x_wconf 77' lang='grc' dir='ltr'><strong>ιιιοιίι</strong></span> 
     </span>
     <span class='ocr_line' id='line_1_34' title="bbox 184 3285 1308 3391; baseline 0.004 -41"><span class='ocrx_word' id='word_1_267' title='bbox 184 3285 324 3353; x_wconf 87' lang='lat' dir='ltr'><strong>deorum.</strong></span> <span class='ocrx_word' id='word_1_268' title='bbox 384 3290 467 3355; x_wconf 86' lang='lat' dir='ltr'><strong>Hinc</strong></span> <span class='ocrx_word' id='word_1_269' title='bbox 499 3303 563 3366; x_wconf 79' lang='lat' dir='ltr'><strong>est,</strong></span> <span class='ocrx_word' id='word_1_270' title='bbox 589 3312 651 3376; x_wconf 86' lang='lat' dir='ltr'><strong>quo</strong></span> <span class='ocrx_word' id='word_1_271' title='bbox 702 3290 779 3376; x_wconf 86' lang='lat' dir='ltr'><strong>igne</strong></span> <span class='ocrx_word' id='word_1_272' title='bbox 807 3303 898 3391; x_wconf 68' lang='lat' dir='ltr'><strong>rapto</strong></span> <span class='ocrx_word' id='word_1_273' title='bbox 935 3290 977 3355; x_wconf 86' lang='lat' dir='ltr'><strong>ub</strong></span> <span class='ocrx_word' id='word_1_274' title='bbox 1011 3286 1098 3355; x_wconf 80' lang='lat' dir='ltr'><strong>tratis</strong></span> <span class='ocrx_word' id='word_1_275' title='bbox 1133 3288 1308 3357; x_wconf 80' lang='lat' dir='ltr'><strong>numinibus</strong></span> 
     </span>
     <span class='ocr_line' id='line_1_35' title="bbox 141 3372 901 3443; baseline 0.007 -12"><span class='ocrx_word' id='word_1_276' title='bbox 141 3372 285 3438; x_wconf 74' lang='lat' dir='ltr'><strong>utmorbi</strong></span> <span class='ocrx_word' id='word_1_277' title='bbox 306 3372 482 3439; x_wconf 87' lang='lat' dir='ltr'><strong>hominibus</strong></span> <span class='ocrx_word' id='word_1_278' title='bbox 502 3372 650 3442; x_wconf 89' lang='lat' dir='ltr'><strong>dicuutur</strong></span> <span class='ocrx_word' id='word_1_279' title='bbox 670 3397 742 3441; x_wconf 88' lang='lat' dir='ltr'><strong>esse</strong></span> <span class='ocrx_word' id='word_1_280' title='bbox 763 3375 901 3443; x_wconf 76' lang='lat' dir='ltr'><strong>immissi.</strong></span> 
     </span>
    </p>
   </div>
   <div class='ocr_carea' id='block_1_5' title="bbox 602 3496 996 3638">
    <p class='ocr_par' dir='ltr' id='par_1_5' title="bbox 602 3496 996 3638">
     <span class='ocr_line' id='line_1_36' title="bbox 602 3496 996 3638; baseline 0.003 -6"><span class='ocrx_word' id='word_1_281' title='bbox 602 3557 663 3633; x_wconf 85' lang='lat' dir='ltr'><strong>ll.</strong></span> <span class='ocrx_word' id='word_1_282' title='bbox 725 3496 889 3638; x_wconf 79' lang='lat' dir='ltr'><strong>Venus.</strong></span> <span class='ocrx_word' id='word_1_283' title='bbox 994 3615 996 3619; x_wconf 65' lang='lat'>,</span> 
     </span>
    </p>
   </div>
   <div class='ocr_carea' id='block_1_6' title="bbox 137 3683 1310 4373">
    <p class='ocr_par' dir='ltr' id='par_1_6' title="bbox 137 3683 1310 4373">
     <span class='ocr_line' id='line_1_37' title="bbox 269 3683 1309 3775; baseline 0.003 -27"><span class='ocrx_word' id='word_1_284' title='bbox 269 3683 297 3767; x_wconf 77' lang='lat'><strong>¹:</strong></span> <span class='ocrx_word' id='word_1_285' title='bbox 340 3684 470 3753; x_wconf 81' lang='lat' dir='ltr'><strong>Veneris</strong></span> <span class='ocrx_word' id='word_1_286' title='bbox 492 3698 606 3762; x_wconf 73' lang='lat' dir='ltr'><strong>ortum,</strong></span> <span class='ocrx_word' id='word_1_287' title='bbox 627 3711 723 3775; x_wconf 85' lang='lat' dir='ltr'><strong>quum</strong></span> <span class='ocrx_word' id='word_1_288' title='bbox 744 3689 786 3755; x_wconf 88' lang='lat' dir='ltr'><strong>de</strong></span> <span class='ocrx_word' id='word_1_289' title='bbox 807 3689 946 3755; x_wconf 84' lang='lat' dir='ltr'><strong>Saturno</strong></span> <span class='ocrx_word' id='word_1_290' title='bbox 960 3688 1095 3775; x_wconf 77' lang='lat' dir='ltr'><strong>egimus,</strong></span> <span class='ocrx_word' id='word_1_291' title='bbox 1116 3684 1309 3753; x_wconf 82' lang='lat' dir='ltr'><strong>sufficienter</strong></span> 
     </span>
     <span class='ocr_line' id='line_1_38' title="bbox 183 3769 1310 3861; baseline 0.002 -28"><span class='ocrx_word' id='word_1_292' title='bbox 183 3769 401 3855; x_wconf 77' lang='lat' dir='ltr'><strong>expressimus.</strong></span> <span class='ocrx_word' id='word_1_293' title='bbox 443 3772 539 3838; x_wconf 86' lang='lat' dir='ltr'><strong>Hanc</strong></span> <span class='ocrx_word' id='word_1_294' title='bbox 559 3772 727 3860; x_wconf 80' lang='lat' dir='ltr'><strong>Epicurei,</strong></span> <span class='ocrx_word' id='word_1_295' title='bbox 757 3774 810 3860; x_wconf 85' lang='lat' dir='ltr'><strong>qui</strong></span> <span class='ocrx_word' id='word_1_296' title='bbox 833 3772 981 3861; x_wconf 84' lang='lat' dir='ltr'><strong>voluptati</strong></span> <span class='ocrx_word' id='word_1_297' title='bbox 1010 3772 1157 3851; x_wconf 76' lang='lat' dir='ltr'><strong>student,</strong></span> <span class='ocrx_word' id='word_1_298' title='bbox 1195 3773 1310 3838; x_wconf 90' lang='lat' dir='ltr'><strong>bonam</strong></span> 
     </span>
     <span class='ocr_line' id='line_1_39' title="bbox 181 3854 1309 3946; baseline 0.003 -28"><span class='ocrx_word' id='word_1_299' title='bbox 181 3874 267 3931; x_wconf 78' lang='lat' dir='ltr'><strong>rem,</strong></span> <span class='ocrx_word' id='word_1_300' title='bbox 291 3854 389 3921; x_wconf 86' lang='lat' dir='ltr'><strong>Stoici</strong></span> <span class='ocrx_word' id='word_1_301' title='bbox 412 3878 505 3932; x_wconf 73' lang='lat' dir='ltr'><strong>vero,</strong></span> <span class='ocrx_word' id='word_1_302' title='bbox 550 3859 579 3922; x_wconf 91' lang='lat' dir='ltr'><strong>ui</strong></span> <span class='ocrx_word' id='word_1_303' title='bbox 597 3857 746 3946; x_wconf 83' lang='lat' dir='ltr'><strong>voluptati</strong></span> <span class='ocrx_word' id='word_1_304' title='bbox 769 3858 965 3938; x_wconf 87' lang='lat' dir='ltr'><strong>renuntiant,</strong></span> <span class='ocrx_word' id='word_1_305' title='bbox 994 3879 1105 3923; x_wconf 86' lang='lat' dir='ltr'><strong>ranam</strong></span> <span class='ocrx_word' id='word_1_306' title='bbox 1125 3877 1192 3923; x_wconf 88' lang='lat' dir='ltr'><strong>rem</strong></span> <span class='ocrx_word' id='word_1_307' title='bbox 1213 3858 1309 3924; x_wconf 89' lang='lat' dir='ltr'><strong>inter-</strong></span> 
     </span>
     <span class='ocr_line' id='line_1_40' title="bbox 137 3881 1309 4030; baseline -0.003 -24"><span class='ocrx_word' id='word_1_308' title='bbox 137 3955 174 4006; x_wconf 84' lang='grc' dir='ltr'><strong>ιο</strong></span> <span class='ocrx_word' id='word_1_309' title='bbox 204 3951 354 4006; x_wconf 80' lang='lat' dir='ltr'><strong>rotantur.</strong></span> <span class='ocrx_word' id='word_1_310' title='bbox 407 3938 444 4003; x_wconf 89' lang='lat' dir='ltr'><strong>Iu</strong></span> <span class='ocrx_word' id='word_1_311' title='bbox 472 3881 576 4007; x_wconf 78' lang='lat' dir='ltr'><strong>Tuiiio</strong></span> <span class='ocrx_word' id='word_1_312' title='bbox 599 3957 703 4010; x_wconf 88' lang='lat' dir='ltr'><strong>tamen</strong></span> <span class='ocrx_word' id='word_1_313' title='bbox 726 3941 849 4019; x_wconf 77' lang='lat' dir='ltr'><strong>Venus,</strong></span> <span class='ocrx_word' id='word_1_314' title='bbox 884 3943 969 4030; x_wconf 87' lang='lat' dir='ltr'><strong>quod</strong></span> <span class='ocrx_word' id='word_1_315' title='bbox 993 3943 1034 4008; x_wconf 84' lang='lat' dir='ltr'><strong>ad</strong></span> <span class='ocrx_word' id='word_1_316' title='bbox 1055 3942 1160 4009; x_wconf 83' lang='lat' dir='ltr'><strong>omnia</strong></span> <span class='ocrx_word' id='word_1_317' title='bbox 1178 3942 1309 4019; x_wconf 76' lang='lat' dir='ltr'><strong>veniat,</strong></span> 
     </span>
     <span class='ocr_line' id='line_1_41' title="bbox 179 3961 1309 4129; baseline 0.003 -41"><span class='ocrx_word' id='word_1_318' title='bbox 179 3961 297 4122; x_wconf 75' lang='lat' dir='ltr'><strong>iegitur</strong></span> <span class='ocrx_word' id='word_1_319' title='bbox 317 4021 479 4113; x_wconf 64' lang='lat' dir='ltr'><strong>clipelluta.</strong></span> <span class='ocrx_word' id='word_1_320' title='bbox 535 4028 630 4093; x_wconf 84' lang='lat' dir='ltr'><strong>Nuda</strong></span> <span class='ocrx_word' id='word_1_321' title='bbox 664 4027 803 4115; x_wconf 76' lang='lat' dir='ltr'><strong>pingitur</strong></span> <span class='ocrx_word' id='word_1_322' title='bbox 834 4049 891 4092; x_wconf 84' lang='lat' dir='ltr'><strong>seu</strong></span> <span class='ocrx_word' id='word_1_323' title='bbox 918 4026 1005 4129; x_wconf 83' lang='lat' dir='ltr'><strong>quod</strong></span> <span class='ocrx_word' id='word_1_324' title='bbox 1035 4027 1154 4092; x_wconf 74' lang='lat' dir='ltr'><strong>odmen</strong></span> <span class='ocrx_word' id='word_1_325' title='bbox 1176 4025 1309 4091; x_wconf 80' lang='lat' dir='ltr'><strong>ltbtdrnrs</strong></span> 
     </span>
     <span class='ocr_line' id='line_1_42' title="bbox 177 4109 1309 4202; baseline 0.003 -29"><span class='ocrx_word' id='word_1_326' title='bbox 177 4109 304 4175; x_wconf 73' lang='lat' dir='ltr'><strong>minime</strong></span> <span class='ocrx_word' id='word_1_327' title='bbox 326 4114 462 4187; x_wconf 79' lang='lat' dir='ltr'><strong>celetur,</strong></span> <span class='ocrx_word' id='word_1_328' title='bbox 499 4133 555 4177; x_wconf 84' lang='lat' dir='ltr'><strong>seu</strong></span> <span class='ocrx_word' id='word_1_329' title='bbox 577 4112 662 4200; x_wconf 87' lang='lat' dir='ltr'><strong>quod</strong></span> <span class='ocrx_word' id='word_1_330' title='bbox 685 4113 776 4178; x_wconf 81' lang='lat' dir='ltr'><strong>nudis</strong></span> <span class='ocrx_word' id='word_1_331' title='bbox 807 4124 988 4192; x_wconf 75' lang='lat' dir='ltr'><strong>conveniat,</strong></span> <span class='ocrx_word' id='word_1_332' title='bbox 1024 4133 1081 4178; x_wconf 83' lang='lat' dir='ltr'><strong>seu</strong></span> <span class='ocrx_word' id='word_1_333' title='bbox 1102 4111 1189 4202; x_wconf 87' lang='lat' dir='ltr'><strong>quod</strong></span> <span class='ocrx_word' id='word_1_334' title='bbox 1210 4109 1309 4177; x_wconf 86' lang='lat' dir='ltr'><strong>iibido</strong></span> 
     </span>
     <span class='ocr_line' id='line_1_43' title="bbox 177 4193 1310 4279; baseline 0.004 -23"><span class='ocrx_word' id='word_1_335' title='bbox 177 4194 339 4261; x_wconf 90' lang='lat' dir='ltr'><strong>consilium</strong></span> <span class='ocrx_word' id='word_1_336' title='bbox 375 4193 539 4279; x_wconf 75' lang='lat' dir='ltr'><strong>cuiuslibet</strong></span> <span class='ocrx_word' id='word_1_337' title='bbox 576 4196 676 4265; x_wconf 87' lang='lat' dir='ltr'><strong>nudet</strong></span> <span class='ocrx_word' id='word_1_338' title='bbox 711 4210 744 4262; x_wconf 89' lang='lat' dir='ltr'><strong>et</strong></span> <span class='ocrx_word' id='word_1_339' title='bbox 770 4196 865 4263; x_wconf 83' lang='lat' dir='ltr'><strong>celari</strong></span> <span class='ocrx_word' id='word_1_340' title='bbox 894 4217 958 4261; x_wconf 93' lang='lat' dir='ltr'><strong>non</strong></span> <span class='ocrx_word' id='word_1_341' title='bbox 994 4196 1084 4264; x_wconf 78' lang='lat' dir='ltr'><strong>sirint.</strong></span> <span class='ocrx_word' id='word_1_342' title='bbox 1135 4198 1248 4262; x_wconf 80' lang='lat' dir='ltr'><strong>Rosue</strong></span> <span class='ocrx_word' id='word_1_343' title='bbox 1279 4195 1310 4261; x_wconf 88' lang='lat' dir='ltr'><strong>ei</strong></span> 
     </span>
     <span class='ocr_line' id='line_1_44' title="bbox 176 4277 1308 4373; baseline 0.005 -32"><span class='ocrx_word' id='word_1_344' title='bbox 176 4277 405 4345; x_wconf 77' lang='lat' dir='ltr'><strong>adscribuntur.</strong></span> <span class='ocrx_word' id='word_1_345' title='bbox 447 4278 558 4349; x_wconf 77' lang='lat' dir='ltr'><strong>lionae</strong></span> <span class='ocrx_word' id='word_1_346' title='bbox 579 4284 660 4351; x_wconf 90' lang='lat' dir='ltr'><strong>enim</strong></span> <span class='ocrx_word' id='word_1_347' title='bbox 682 4284 796 4350; x_wconf 88' lang='lat' dir='ltr'><strong>rubent</strong></span> <span class='ocrx_word' id='word_1_348' title='bbox 812 4294 845 4351; x_wconf 90' lang='lat' dir='ltr'><strong>et</strong></span> <span class='ocrx_word' id='word_1_349' title='bbox 865 4294 1031 4373; x_wconf 85' lang='lat' dir='ltr'><strong>pungunt;</strong></span> <span class='ocrx_word' id='word_1_350' title='bbox 1053 4283 1191 4370; x_wconf 84' lang='lat' dir='ltr'><strong>itemquo</strong></span> <span class='ocrx_word' id='word_1_351' title='bbox 1210 4281 1308 4349; x_wconf 89' lang='lat' dir='ltr'><strong>libido</strong></span> 
     </span>
    </p>
   </div>
   <div class='ocr_carea' id='block_1_7' title="bbox 0 0 1324 5130">
    <p class='ocr_par' dir='ltr' id='par_1_7' title="bbox 0 0 1324 5130">
     <span class='ocr_line' id='line_1_45' title="bbox 0 0 1324 5130; baseline 0 0"><span class='ocrx_word' id='word_1_352' title='bbox 0 0 1324 5130; x_wconf 95' lang='lat' dir='ltr'><strong> </strong></span> 
     </span>
    </p>
   </div>
  </div>
 </body>
</html>
