2640 5130
516 215 697 323 Mythogr.
727 219 759 291 1.
812 217 962 293 3-6.

596 402 637 478 5.
692 403 871 504 Scylla.

258 547 385 640 Scyllae
413 547 498 617 duae
526 546 673 628 sueruntt
703 567 765 615 una
790 547 912 615 Phorci
947 557 980 614 et
1014 544 1194 615 Crataeidis
1228 545 1302 616 filia.

174 636 280 710 Quam
301 656 398 725 quum
420 644 543 703 amaret
563 632 725 714 Glaucus,
753 630 833 700 deus
852 633 1008 710 marinus,
1028 631 1103 699 dum
1124 633 1194 721 ipse
1214 654 1303 699 ama-

173 733 262 788 retur
289 744 309 788 a
337 719 451 801 Circe,
483 730 517 787 et
544 740 615 786 eam
637 729 871 798 contemneret,
902 716 953 783 ilia
979 729 1073 784 nacta
1100 718 1237 798 sontem,
1268 717 1302 785 iu

149 825 237 893 aquo
263 829 300 872 se
328 804 435 895 Scylla
464 803 587 871 solebat
614 801 760 883 abluere,
797 802 907 870 infecit
939 801 1074 870 venenis.
1133 803 1171 869 ln
1204 822 1301 890 quera

172 912 270 978 quum
298 887 519 959 descendisset
540 887 663 977 puella,
695 886 799 954 media
826 898 918 976 parte
944 887 976 952 iu
1002 886 1087 954 feras
1105 898 1300 956 commutata

172 987 235 1042 est.
283 973 390 1042 hitcra
417 995 494 1040 vero
515 972 622 1063 Scytha
652 970 711 1039 suit
731 969 819 1051 Nisi,
837 972 1072 1058 Megarensium
1093 972 1199 1060 regis,
1226 973 1301 1041 filia.

171 1060 295 1126 Contra
309 1082 390 1147 quos
406 1057 492 1140 dum,
511 1057 642 1125 deuictis
658 1057 725 1159 jam
746 1055 996 1135 Atheniensibus,
1016 1068 1176 1146 pugnaret
1192 1056 1299 1126 hsmoa

130 1154 303 1300 ,nath
319 1142 887 1296 httttnenhfflhnrn
900 1141 1106 1292 herr
1125 1140 1217 1294 hd
1262 1165 1299 1297 23

170 1314 264 1389 Quae
291 1324 327 1380 ut
354 1313 436 1382 hosti
500 1321 566 1383 sset
591 1274 736 1400 phicere,
774 1304 899 1376 comam
932 1250 1142 1460 papireis,
1172 1312 1298 1400 parenti

169 1398 360 1480 abscissam,
380 1397 411 1463 ei
432 1419 452 1463 o
475 1397 561 1478 tulit;
593 1417 689 1485 quam
711 1394 809 1463 Nisus
832 1394 876 1462 ita
895 1393 936 1460 ha
959 1405 1051 1463 uerat
1069 1407 1298 1480 consecratam,

168 1494 205 1550 ut
225 1483 346 1550 tamdiu
365 1503 468 1569 regno
486 1482 658 1572 potiretur,
685 1477 836 1569 quamdiu
855 1479 939 1546 iliam
958 1479 1119 1550 habuisset
1134 1481 1296 1550 intactam.

168 1567 288 1635 Postea
316 1580 350 1634 et
375 1568 420 1632 Sc
441 1566 497 1646 lla,
527 1566 673 1633 aMinoi
695 1577 874 1646 contemta,
905 1560 1016 1631 dolore
1041 1565 1073 1632 in
1101 1588 1192 1634 arem
1218 1588 1296 1633 ecn-

128 1667 162 1716 1⁵
171 1673 262 1718 versa
283 1662 349 1735 est;
369 1661 403 1720 et
420 1592 518 1719 insu
539 1651 694 1719 extinctus
715 1648 850 1717 deorum
871 1648 1072 1717 miseratione
1089 1650 1122 1718 in
1143 1650 1208 1718 aris
1224 1673 1295 1718 mu·

168 1748 257 1890 plagas
276 1741 326 1888 elsi
351 1735 496 1827 sormam.
532 1736 626 1814 Quae
650 1757 724 1804 ares
745 1732 842 1802 hodie
861 1735 1001 1823 flagrant
1018 1733 1100 1806 iuter
1119 1758 1155 1805 se
1175 1757 1296 1827 magna

219 1840 276 1890 001·
299 1844 339 1891 ta.
1216 1836 1219 1855 ¹

320 2028 325 2040 ’
440 2035 482 2112 d.
535 2039 715 2114 Tereus
748 2053 789 2116 ot
816 2041 1007 2114 Procne.

253 2165 379 2233 'l'creus
401 2185 457 2231 rex
478 2163 644 2233 'Phracum
665 2167 733 2235 suit
774 2167 838 2243 Qui
859 2188 955 2256 quum
975 2162 1166 2244 Pandionia,
1198 2163 1296 2233 Atha-

126 2268 280 2318 nonarum
309 2250 414 2338 regis,
442 2249 556 2330 filiam,
584 2252 733 2319 Procnen
755 2254 897 2331 nomine,
923 2250 1064 2318 duxisset
1081 2271 1231 2329 uxorem,
1261 2262 1295 2319 ct

165 2358 223 2425 per
249 2335 442 2425 aliquantum
469 2347 595 2424 tempus
630 2338 671 2404 ab
705 2358 744 2404 ea
779 2359 815 2405 ro
843 2346 965 2416 aretur,
998 2337 1057 2403 sihi
1086 2335 1293 2404 Philomelam

165 2442 309 2488 sororem
339 2417 505 2486 ridendam
532 2433 729 2501 accerseret,
756 2360 920 2512 proiectus
946 2421 1105 2501 Athenas,
1134 2420 1211 2488 dum
1235 2419 1294 2489 ad·

164 2504 255 2572 duxit
286 2504 439 2594 pueliam,
473 2527 544 2571 eam
572 2506 689 2591 vitiavit
723 2507 755 2573 iu
783 2509 914 2587 itinere,
952 2519 984 2574 et
1011 2507 1218 2593 eilinguam,
1250 2529 1292 2574 ne

166 2591 288 2657 facinus
306 2589 470 2669 indicaret,
487 2590 631 2659 abscidit.
664 2590 720 2659 llha
737 2604 843 2662 tamen
863 2590 1042 2683 quereiam,
1069 2592 1100 2658 in
1122 2602 1209 2659 reste
1232 2615 1291 2659 suo

127 2697 164 2748 aa
174 2697 290 2741 cruore
310 2674 519 2778 descriptam,
549 2677 634 2744 misit
653 2677 764 2744 sorori.
805 2679 879 2754 Qua
898 2677 1046 2763 cognita,
1072 2677 1201 2744 Procne
1219 2677 1293 2769 Ityn

165 2761 262 2827 filium
278 2761 436 2828 iuteremrt
447 2772 481 2826 et
494 2762 577 2849 patri
591 2760 781 2849 epulandum
798 2763 953 2861 apposuit
995 2762 1115 2830 Postea
1134 2784 1242 2829 omnes
1260 2764 1293 2830 in

165 2868 240 2912 area
269 2845 379 2912 mutati
416 2856 505 2924 suut;
544 2846 671 2913 'Peneus
703 2846 735 2913 in
766 2870 925 2940 upupam,
954 2845 1021 2936 Itys
1040 2848 1073 2915 iu
1095 2848 1291 2938 phasianum,

165 2932 293 3000 Procne
314 2930 345 2997 in
366 2928 584 3013 hirundinem,
613 2931 788 3002 Phihomeia
806 2936 839 3001 in
860 2930 1032 3002 lusciniam.

465 3157 506 3233 ὅ.
560 3157 760 3260 Cyclops
792 3171 833 3238 ct
863 3156 991 3233 Acis.

124 3310 161 3359 no
253 3284 393 3376 Cyclops
414 3283 530 3355 dicitur
551 3285 718 3377 nympham
741 3308 865 3354 amasse
884 3285 1061 3353 Galateam.
1091 3284 1184 3359 Quae
1195 3306 1293 3373 quum

167 3371 244 3437 Acin
273 3370 432 3460 quendam
459 3385 618 3461 pastorem
646 3383 767 3439 amaret
793 3384 838 3467 et
854 3371 1086 3522 Polyphemum
1116 3383 1291 3458 sperneret,

165 3456 216 3521 iiie
243 3456 343 3525 iratus
374 3456 452 3523 Acin
481 3457 620 3535 necavit,
655 3458 707 3546 qui
731 3468 846 3545 postea
865 3458 915 3523 Ga
928 3469 1020 3524 ateae
1040 3455 1240 3522 miseratione
1259 3457 1291 3522 iu

168 3540 287 3612 fontem
306 3553 446 3614 mutatus
467 3554 534 3627 est,
562 3542 616 3631 qui
635 3540 795 3630 hodieque
816 3543 858 3609 ab
878 3539 978 3610 Acide
995 3539 1089 3609 Acis
1108 3538 1231 3609 dicitur.
1302 3578 1313 3609 ο

373 3766 414 3843 6.
467 3766 686 3864 Silvanus
713 3779 755 3843 et
787 3765 1079 3866 Cyparissus.

130 3916 167 3968 ab
250 3893 395 3963 Silvanus
425 3892 505 3963 deus
535 3908 583 3964 est
610 3896 764 3963 silvarum.
807 3896 873 3961 Hic
894 3892 1009 3960 amavit
1034 3911 1186 3979 puerum,
1225 3885 1291 3980 cy·

122 4028 126 4039 .
189 3979 323 4048 arissam
366 3981 508 4055 nomine,
553 3980 606 4069 qui
648 3980 785 4047 hahebat
831 3977 1112 4046 mansuetissimam
1157 3995 1292 4042 cervam.

201 4086 263 4132 auc
289 4086 386 4154 quum
410 4065 553 4131 Silvanus
579 4067 707 4131 nescius
723 4062 911 4143 occidisset,
945 4084 1026 4153 puer
1055 4061 1211 4128 extinctus
1242 4069 1293 4127 est

163 4149 293 4229 dolore3
322 4171 417 4239 quem
444 4160 565 4217 amator
594 4149 674 4216 deus
699 4148 729 4213 in
752 4170 955 4238 cypressum,
989 4149 1136 4216 arborem
1158 4143 1291 4215 nominis

163 4236 250 4325 ejus,
275 4234 448 4317 convertit,
470 4255 563 4322 quam
587 4257 645 4322 pro
664 4232 774 4303 solatio
794 4247 924 4324 portare
945 4233 1069 4304 dicitur.
1126 4281 1131 4293 ·
