2640 5130
133 255 215 332 usa
388 256 570 360 nysam.
598 258 669 333 111.
722 256 784 333 rr.
838 257 1032 353 sc-sn.

133 444 247 548 moris,
267 453 303 511 nt
323 464 469 547 ”9”.¹.¹'¹⁰
491 443 630 512 contenti
649 445 805 533 augurio,
828 440 943 534 aliquid
962 444 1171 529 inchoarent,
1201 444 1258 512 nisi

134 529 422 700 sitisset
438 529 749 684 strennus
767 527 1260 705 libanenses

136 702 291 767 rebantur
309 699 424 787 priora
479 696 559 797 lude
579 711 644 768 est:
694 782 701 796 Ι
831 781 838 796 ¹

112 780 1126 957 ⁶NaantddilduV1'lneChdzdllibmcr‘lldldesvpilllrbe'btdtgtlumii’dde
1153 878 1260 938 sutem

135 958 263 1022 Aeneae
283 950 369 1040 apud
385 950 548 1038 Virgilium
568 953 600 1019 in
622 953 668 1022 VI
689 949 784 1020 datur
804 951 990 1040 augurium,
1021 964 1136 1041 utpote
1156 954 1261 1023 Vene-

135 1039 179 1105 ris
192 1039 255 1104 lilio
266 1050 298 1104 et
308 1035 387 1124 regi
417 1037 501 1102 Nam
511 1050 544 1104 et
555 1037 845 1104 columbneVeueri
855 1048 985 1126 propter
1001 1035 1212 1126 frequentem,
1225 1050 1261 1108 ut

136 1123 281 1199 diximus,
298 1123 415 1189 coitum
430 1133 462 1188 et
474 1122 719 1191 foecunditatem
727 1134 932 1190 consecratae
940 1132 1032 1205 sunt3
1053 1135 1206 1193 erearum
1218 1123 1260 1191 ad

95 1205 1261 1382 ¹⁰{tatllll”instillabittlltttlttttffllttttt

131 1378 253 1469 jectum
267 1387 332 1443 est:
355 1377 414 1442 Sic
421 1371 549 1464 effatus
560 1378 713 1463 vestigia
720 1378 857 1464 pressit.
887 1376 971 1444 Nam
985 1389 1018 1444 et
1026 1379 1125 1446 effata
1134 1380 1261 1469 proprie

136 1476 211 1531 suut
230 1483 391 1550 augurum
413 1484 535 1551 preces.
590 1462 685 1529 Unde
716 1463 810 1530 etiam
832 1484 971 1565 aggeres
992 1475 1067 1551 post
1086 1465 1260 1552 ponoeria,

136 1549 193 1616 ubi
214 1549 386 1637 captabant
415 1548 570 1634 auguria,
604 1544 792 1614 dicebantur
819 1548 950 1631 ellatus;
988 1560 1021 1616 et
1048 1562 1123 1638 post
1149 1571 1262 1639 preces

96 1635 182 1704 lond
203 1632 361 1724 captanda
382 1632 515 1720 auguria
540 1632 712 1700 immobiles
738 1632 784 1699 rel
811 1631 925 1698 sedere
951 1631 999 1698 vel
1019 1644 1107 1701 stare
1127 1657 1262 1703 consue

138 1732 255 1788 verant
297 1719 402 1784 Porro
422 1729 608 1807 praepetum
628 1717 747 1799 arium,
766 1728 803 1785 ut
822 1716 867 1784 ait
884 1717 1032 1793 Servius,
1067 1719 1149 1786 eliae
1166 1742 1262 1809 supe·

137 1806 224 1872 riora
244 1815 368 1883 tenent,
400 1816 433 1870 et
460 1803 587 1890 proprie
617 1813 784 1891 praepetes
808 1799 971 1884 dicuntur,
1002 1803 1082 1872 aliae
1101 1804 1263 1884 inferiora,

139 1901 172 1958 et
191 1889 312 1956 inlerae
330 1900 570 1976 nuncupantur3
591 1888 766 1955 *communi
786 1898 892 1955 autem
914 1888 1066 1956 vocabulo
1094 1901 1129 1956 et
1148 1889 1212 1957 bae
1230 1903 1264 1958 et

137 1975 209 2041 illae
252 1985 414 2061 nepotes,
445 1973 520 2062 quia
541 1995 650 2040 omnes
671 1995 745 2040 aves
763 1972 887 2060 priora
904 1984 1028 2058 petunt
1047 1973 1198 2043 volantes.

226 1999 277 2126 lu.
317 2058 433 2126 Merito
467 2058 693 2146 aruspicinam,
736 2056 975 2146 horoscopicam
1013 2070 1046 2127 et
1080 2082 1120 2127 au
1170 2061 1263 2138 rium,

139 2143 376 2222 matematicae,
406 2141 439 2207 id
469 2157 518 2210 est
545 2143 688 2224 vanitati,
715 2141 934 2226 subiecerunt,
969 2143 1043 2244 quin
1073 2146 1106 2212 in
1149 2146 1158 2162 '
1196 2145 1264 2211 lata

138 2231 301 2296 hominum
331 2225 525 2295 constituere
557 2241 590 2295 et
619 2227 771 2307 scrutari,
814 2228 1028 2294 abominabilis
1051 2228 1144 2318 juxto
1171 2252 1263 2295 verm

140 2313 309 2402 theologos
338 2314 519 2400 superstitio
548 2335 720 2402 cassasque
748 2311 838 2378 labor
865 2312 922 2393 sit;
956 2313 1030 2381 licet
1058 2316 1144 2382 idem
1167 2314 1264 2382 etde

141 2401 257 2466 ceteris
304 2396 460 2464 divinandi
509 2400 680 2486 generibus
722 2395 925 2464 asserendum
970 2419 1034 2463 nou
1074 2400 1264 2467 dubitemus.
1308 2423 1311 2429 ·

97 2487 247 2572 assaepe
281 2508 356 2550 vero
388 2479 474 2570 qnod
508 2508 548 2551 ex
585 2496 699 2550 natura
732 2482 847 2570 obtigit
873 2482 1003 2570 generi,
1037 2485 1156 2574 speciei
1186 2506 1264 2553 usus

139 2571 278 2638 assumit
330 2570 435 2649 Sane,
469 2580 505 2635 ut
530 2567 647 2636 Cicero
670 2568 732 2644 ait,
763 2568 862 2635 omnis
892 2566 1048 2634 divinandi
1086 2570 1200 2659 peritis
1231 2570 1264 2636 in

139 2655 220 2724 duas
241 2653 405 2722 distributa
427 2664 476 2719 est
494 2665 610 2740 partes.
659 2652 742 2719 Nam
763 2664 820 2719 ant
840 2653 928 2720 luror
948 2664 1011 2732 est,
1042 2664 1079 2720 ut
1100 2657 1134 2724 in
1156 2654 1264 2723 ratici-

139 2741 336 2817 nationibus3
370 2751 425 2806 aut
446 2760 515 2811 ars.
548 2740 631 2807 utin
652 2735 869 2824 aruspicibus,
899 2739 1096 2824 auguribus,
1126 2740 1263 2828 geneth·

139 2827 227 2895 liacis
249 2839 282 2892 et
302 2825 460 2895 similibus.
502 2824 547 2891 Et
567 2823 771 2891 haecomnia
792 2846 832 2889 ex
853 2844 889 2890 se
909 2823 1065 2911 pendent,
1095 2825 1170 2892 licet
1189 2845 1264 2914 pro·

98 2913 216 3003 anpriis
248 2911 365 2977 finibus
396 2907 648 2997 contineantur..
677 2908 770 2976 Unde
809 2908 957 2995 Virgilius
988 2909 1094 2975 omnia
1129 2911 1160 2977 ei
1196 2910 1263 2992 dat,

140 3020 235 3088 quem
256 2998 320 3064 vult
343 2996 518 3083 perlectum
546 2993 693 3143 intelligi,
714 3005 768 3060 ut:
867 3077 874 3090 ι
921 3077 928 3091 .
1117 3077 1125 3090 ·

139 3251 186 3321 Et
224 3165 466 3315 Ilipcolncrnm
483 3163 629 3252 linguas
649 3100 881 3251 eVuler’engib
896 3075 1018 3227 2er5er
1032 3086 1182 3248 ⁸pdendrlslr’e.

246 3269 306 3315 rr:

97 3357 136 3409 nr,
215 3274 293 3404 aCui
309 3318 480 3417 pecudum
489 3324 628 3415 fibrae,
658 3328 748 3394 coeli
766 3330 825 3394 cui
842 3326 959 3395 sidero
978 3341 1119 3416 parent,

223 3420 272 3484 Et
291 3415 468 3481 volucram
490 3415 541 3478 lin
570 3435 636 3477 nae
656 3424 690 3479 et
711 3413 879 3503 praesagi
897 3409 1067 3499 fulminis
1084 3416 1196 3502 ignes.

140 3502 351 3591 Fulguritae,
383 3497 417 3564 id
437 3509 487 3564 est
506 3435 721 3583 squurawres
751 3512 840 3566 erant
869 3495 934 3564 sive
964 3498 1019 3586 qui
1050 3497 1179 3588 fulgura
1206 3522 1264 3592 pet

139 3587 368 3657 incantationes
389 3582 571 3663 exciebant,
599 3582 665 3648 sive
685 3582 738 3671 qui
754 3581 805 3649 illa
826 3581 1016 3649 divinabant.

227 3675 278 3740 17.
319 3664 368 3734 bd
397 3667 555 3734 Venerem
583 3680 707 3747 autem,
740 3689 782 3731 ne
812 3668 901 3733 nimis
929 3664 1037 3752 vagari
1066 3688 1265 3751 accusemur,

100 3757 258 3837 coabbinc
277 3764 480 3849 rereqamur.
521 3749 658 3818 Hiemali
678 3766 821 3840 tempore
841 3751 978 3817 omnium
999 3773 1106 3818 rerum
1125 3753 1263 3842 pulcbri-

140 3842 220 3912 tudo
240 3840 377 3931 quodam
402 3837 496 3905 exitio
527 3834 658 3925 deperit
706 3835 802 3902 Unde
827 3837 903 3903 ficta
932 3849 982 3902 est
1009 3836 1115 3903 fabula
1144 3839 1196 3905 illa
1223 3840 1265 3906 de

140 3928 253 3998 Adone
285 3938 319 3994 et
349 3922 492 3999 Venere,
531 3930 564 3986 et
596 3942 617 3987 a
651 3918 802 4007 Remigio
838 3923 885 3988 sic
923 3920 1089 3988 elucidata.
1144 3924 1263 4004 Venus,

139 4013 259 4115 inquit,
294 4007 435 4077 Adonem
469 4008 509 4072 ab
535 4026 613 4155 apro
633 4005 831 4071 intersectum
860 4004 937 4071 lusis
966 4005 1098 4072 lacrimis
1130 4007 1263 4109 plangit,

140 4121 215 4186 quta
249 4110 355 4165 terrae
389 4089 546 4180 pulchritu
571 4113 608 4169 o,
668 4112 729 4155 uae
762 4109 821 4179 per
861 4090 1017 4157 Venerem
1057 4093 1265 4178 significatur,

96 2075 135 2125 20

226 3082 299 3164 Qui
315 3081 486 3167 tripodes,
516 3079 628 3146 Clarii

97 4180 263 4272 esplangit
294 4179 409 4253 solem,
445 4174 498 4261 qni
531 4195 590 4262 per
617 4113 760 4241 Adonem
796 4173 998 4262 designatur,
1037 4176 1081 4242 ad
1109 4179 1265 4247 australes

140 4267 276 4337 cuculos
296 4257 560 4342 descendentem,
579 4261 730 4348 spurcitia
750 4258 914 4348 strigare
931 4260 1057 4328 biennali
1074 4265 1165 4350 quasi
1185 4264 1264 4333 den.
