2640 5130
336 588 522 695 uynaff.
549 592 582 667 ι.
636 582 890 669 rar-raa.
1124 594 1179 669 ar

45 798 152 847 rusae
170 774 310 845 suntin
328 774 493 854 volucres,
513 786 549 845 ut
563 797 626 845 non
639 788 759 846 tantum
781 779 811 844 in
830 780 940 861 terris,
960 776 1019 847 scd
1037 780 1069 846 in
1089 780 1181 865 mari,

46 864 242 964 requitaar
261 862 416 964 perseum
443 874 582 964 possent
630 864 808 967 Nouissime
838 864 1032 932 devenerunt
1060 865 1103 970 ad
1124 890 1181 955 pe-

47 949 1181 1121 letzltfl?ttJtttltt‘lllttl“altlrul'lhtltlt

49 1128 214 1186 ment
233 1117 419 1184 incolumes.
457 1119 559 1185 Forte
581 1119 688 1186 Ulixes
708 1122 827 1189 monitu
849 1123 971 1203 Circes,
991 1123 1203 1210 srliaeSolis,5

50 1216 287 1295 mereatu
308 1214 374 1272 est:
404 1214 472 1271 tun
491 1226 528 1271 se
547 1207 839 1293 praecipitaverunt

223 1386 319 1464 187.
370 1386 550 1463 Latona
584 1402 627 1464 ct
657 1390 789 1491 Lycii
822 1394 1001 1467 rustici.

131 1517 284 1596 laatoua,
306 1516 388 1584 Coei
408 1519 557 1606 Gigantis
577 1520 658 1588 srlin.
680 1540 777 1605 quum
799 1518 931 1586 Junonis
952 1521 998 1587 ira
1022 1520 1065 1588 ob
1088 1520 1178 1589 adul·

56 1603 164 1673 icium
196 1625 238 1670 ex
264 1602 347 1669 Jove
377 1619 548 1694 conceptos
576 1604 748 1693 Apollinem
776 1615 809 1671 ct
827 1603 962 1671 Dianam
981 1627 1096 1695 parere
1115 1631 1179 1674 non
1292 1655 1295 1663 =

58 1699 176 1777 pust,
207 1686 356 1776 nullaque
384 1697 541 1759 errantem
569 1712 640 1758 cam
665 1690 757 1777 regio
785 1690 975 1777 susciperet,
1008 1693 1216 1762 norissimeto

10 1808 17 1881 ,ι
59 1772 186 1925 'affl'
207 1772 362 1877 Lyciam
392 1786 426 1841 et
444 1798 546 1927 ¹quanin
565 1776 683 1843 ardore
703 1774 821 1925 aelestiro
841 1774 1060 1927 sitnm-edura
1078 1777 1181 1859 vellet,

62 1940 140 2010 aa
175 1879 442 2019 alltl'lth
455 1883 517 2013 tt
531 1872 935 2033 :lettlthlta'ltj
952 1872 1182 2038 tltllttt

63 2038 167 2115 dagno
188 2027 322 2095 accolae
342 2044 496 2099 carerent
537 2031 659 2100 Auditis
681 2032 839 2121 precibus,
857 2030 1004 2120 Juppiter
1022 2035 1181 2121 agricolas

63 2112 246 2204 haconem
267 2136 418 2183 ranarum
439 2117 601 2185 convertit.
1188 2137 1224 2188 15

10 2240 25 2331 l
99 2275 188 2355 188.
240 2278 419 2376 Medea,
452 2280 607 2374 lason,
642 2278 819 2377 Aeson,
853 2292 898 2357 et
928 2284 1136 2358 nutrices

440 2383 600 2457 Liberi
630 2385 782 2482 patris.

25 2558 28 2565 -
139 2511 237 2579 lason
265 2521 433 2599 postquam
459 2509 606 2576 Medeam
633 2510 664 2574 in
693 2508 862 2575 Graeciam
889 2508 995 2592 duxit,
1026 2511 1182 2600 promisso

70 2594 118 2663 ribi
136 2597 287 2693 conjugio
311 2594 486 2685 copulavit,
514 2596 617 2662 multis
636 2597 732 2661 rebus
756 2607 902 2682 expertus
922 2597 1083 2684 ingenium
1102 2599 1182 2689 ejua

69 2682 176 2835 h‘li‘.
200 2681 678 2855 :tenetentum
689 2677 1224 2852 ,tlltlllllt‘ttl'tttl20

70 2848 250 2941 &qando
262 2854 302 2929 ei,
319 2852 455 2919 ahenum
466 2851 638 2930 coustituit,
660 2850 892 2938 herbarumque
902 2873 1033 2939 genera,
1048 2819 1184 2942 qbarmn

71 2937 224 3007 tdntiarn
244 2938 370 3018 habuit,
391 2937 483 3005 variis
504 2936 688 3026 regionibus
708 2935 867 3024 quaesita,
892 2959 1048 3026 coquens,
1083 2943 1183 3008 Aeso-

67 3036 132 3089 ln
152 3024 354 3093 interemtum
375 3023 409 3089 in
428 3037 460 3092 te
482 3021 541 3089 idis
563 3022 667 3089 herbis
688 3020 871 3099 immiscuit,
901 3032 935 3089 et
959 3024 991 3088 in
1018 3024 1184 3113 pristinum

68 3106 199 3195 tigorm
237 3107 393 3198 perduxit
450 3047 549 3176 Diber
576 3119 668 3197 pater
697 3118 735 3173 ut
755 3104 991 3186 animadvertit,
1023 3114 1224 3186 Aesonemns
1253 3152 1257 3161 ·

67 3206 254 3263 mutan
280 3192 429 3261 remediis
454 3193 592 3261 Medeae
620 3190 791 3281 expulisse,
822 3193 917 3280 petit,
946 3206 984 3263 ut
1011 3195 1186 3265 nutricibus

69 3278 127 3346 nis
146 3281 249 3347 ferret
269 3279 437 3359 auxilium,
468 3300 587 3368 easque
607 3277 639 3345 in
659 3276 904 3345 adolescentium
926 3277 1069 3365 vigorem
1089 3279 1186 3349 redu-

69 3377 158 3432 ceret.
201 3362 304 3467 Cujus
333 3365 520 3433 auctoritate
541 3376 574 3432 et
592 3362 705 3430 auxilio
724 3361 774 3428 illa
796 3361 974 3450 compulsa.
1002 3363 1113 3431 iisdem
1133 3387 1188 3431 re-
1270 3396 1276 3410 ·

66 3448 179 3527 nadis
201 3452 318 3539 qmbns
334 3458 490 3517 Aaronem
513 3451 545 3516 in
588 3450 697 3516 rimam
713 3445 910 3537 juventutem
930 3446 1109 3534 reduxerat,
1128 3450 1187 3519 Li-

65 3533 137 3602 bero
156 3549 329 3604 aeternum
350 3535 537 3603 beneficium
555 3472 653 3603 dedic
1189 3554 1227 3607 ao

274 3703 371 3782 189.
423 3706 675 3782 Deucalion
707 3715 749 3779 et
780 3704 968 3805 Pyrrha.

138 3835 290 3925 luppiter
319 3845 451 3938 propter
470 3833 636 3901 audaciora
656 3833 686 3900 L
709 3834 816 3900 ononis
838 3822 1081 3922 ceterorumque
1100 3853 1186 3900 mor·

63 3916 185 4003 tabum,
206 3922 261 4010 qrn‘
282 3920 454 3987 sceleribus
474 3920 539 3986 suis
560 3920 654 3986 etiam
698 3941 807 3985 eorum
823 3918 994 4007 potentiam
1010 3921 1186 3999 tentabant,

61 4007 169 4073 orbem
191 4018 347 4074 terrarum
365 4006 501 4095 prolusls
515 4005 665 4072 imbribus
678 4001 840 4072 inundarit
853 4003 1014 4092 (diluvio).
1043 4004 1185 4071 Primum

61 4105 165 4159 autern
187 4090 335 4159 diluvium
353 4094 413 4158 sub
435 4092 466 4159 0
493 4112 574 4181 yge,
594 4111 676 4177 rege
697 4090 944 4168 Thebanorum,
973 4088 1092 4170 extitit,
1123 4108 1228 4158 nonas

61 4180 118 4242 snb
148 4177 300 4245 Saturno.
358 4112 542 4244 Secundum
571 4176 632 4242 sub
662 4174 760 4256 Jove,
797 4174 884 4263 quod
920 4185 954 4242 et
985 4173 1188 4262 Deucalionis

61 4258 182 4330 dieitur.
237 4264 283 4330 Et
312 4284 409 4351 quum
439 4261 503 4328 duo
533 4259 681 4328 mortales
730 4261 825 4329 ietatc
854 4273 978 4329 ceteros
1007 4267 1189 4340 anteissent,

62 4344 247 4429 Deucalion,
268 4347 448 4414 Promethei
470 4347 561 4424 lilius,
582 4358 615 4413 et
630 4284 766 4436 Pyrrha,
788 4344 899 4413 eadem
921 4365 1013 4412 soror
1042 4359 1074 4414 et
1096 4367 1189 4425 uror,

61 4432 93 4495 in
122 4434 272 4501 Parnaso
305 4446 413 4502 monte
440 4432 610 4521 proluviem
636 4431 781 4499 imbrium
808 4431 1009 4521 effugerunt3
1039 4442 1072 4499 et
1101 4443 1188 4498 sorte

64 4520 167 4587 moniti
197 4519 386 4599 Themidis,
418 4542 502 4607 quae
531 4540 571 4583 eo
598 4528 744 4604 tempora
771 4516 900 4584 antistes
923 4527 1031 4584 terrae
1050 4526 1135 4594 erat,
1167 4537 1231 4591 aso

64 4600 119 4670 dtis
142 4628 201 4694 per
222 4627 337 4692 preces
360 4607 480 4673 reniam
502 4614 696 4693 aeceperunt
716 4602 923 4690 generandae
943 4599 1047 4688 prolis.
1088 4599 1182 4689 Apol
