2640 5130
80 762 83 767 .
192 646 270 725 are
469 655 650 757 nayuop.
677 655 748 730 ιιι.
787 654 841 736 s.
884 652 1027 732 a-s.

192 838 405 922 etiamlactus
435 838 611 918 bominum,
644 850 678 909 ut
703 838 856 910 luxuriam
884 854 917 912 et
946 866 1091 911 venerem
1120 844 1202 912 iuter
1232 843 1311 911 deos

192 938 384 991 permutes.
436 925 493 992 Sic
528 946 655 1014 quoque
689 927 851 1014 religionis
888 930 1070 1018 superstitio
1103 942 1216 998 exortu
1252 944 1309 997 est.

191 1008 268 1075 Hoc
293 1021 398 1076 autem
426 1009 474 1076 rel
502 1011 544 1077 ab
570 1009 717 1089 aniculis,
753 1012 834 1080 ultra
862 1013 1120 1082 consuetudinem
1153 1015 1312 1082 humanae

194 1095 274 1161 vitae
287 1095 513 1183 superstitibus,
529 1104 609 1162 teste
621 1095 742 1175 Servio,
760 1099 944 1166 uocabulum
959 1111 1096 1166 sumtum
1110 1109 1167 1168 est
1188 1101 1310 1167 Earum

167 1180 276 1245 tanim
302 1180 369 1270 jam
404 1179 636 1268 decrepitarum
665 1191 699 1246 et
752 1204 788 1248 er
817 1184 940 1250 nimiam
971 1195 1107 1252 aetatem
1139 1184 1309 1252 delirorum

191 1263 306 1412 primos
336 1263 378 1331 de
405 1263 583 1349 huiusmodi
609 1204 785 1334 nominihus
804 1267 996 1337 inventiones
1019 1271 1116 1337 luisse
1140 1269 1308 1337 credimus.

220 1348 250 1414 el
277 1347 451 1417 secundum
483 1350 667 1418 Lucretium
704 1372 724 1416 a
756 1355 851 1421 rebus
884 1355 1150 1442 superstantibus,
1188 1355 1222 1421 id
1260 1370 1308 1423 est

190 1434 377 1502 caelestibus
405 1447 437 1503 et
466 1432 592 1516 divinis,
627 1457 760 1524 quarum
788 1460 893 1507 rernm
912 1440 1012 1508 inanis
1033 1441 1126 1508 timor
1142 1450 1175 1506 et
1196 1463 1307 1530 super·

189 1519 292 1598 lluus,
318 1543 354 1585 su
379 1520 498 1589 erstitio
519 1518 699 1612 appellatur.

148 1619 183 1666 ιο
271 1602 303 1668 3.
379 1605 460 1673 elert
488 1604 582 1673 etiam
612 1595 750 1686 Tullius,
781 1604 867 1694 quud
895 1607 1033 1696 suscepit
1059 1605 1120 1674 vita
1145 1605 1305 1674 homiuum

187 1687 449 1778 consuetudoque
476 1691 667 1772 cummunis,
696 1703 733 1757 ut
762 1692 920 1758 beneficiis
948 1691 1136 1759 excellentes
1167 1692 1249 1758 uiros
1274 1693 1305 1757 iu

186 1773 307 1841 caelum
330 1774 413 1842 lame
432 1798 472 1843 ac
491 1775 651 1844 vuluntate
670 1776 821 1843 tollerent
863 1777 965 1854 Hinc,
995 1778 1110 1865 inquit,
1133 1775 1303 1851 Hercules,

186 1858 261 1925 hinc
280 1861 398 1927 Castor
416 1872 450 1929 et
471 1859 602 1940 Pollux,
624 1861 696 1928 bino
708 1861 911 1949 Aesculapius
929 1863 1158 1929 deificationem
1180 1884 1304 1927 merue-

186 1955 268 2012 runt
307 1944 428 2014 Postea
452 1956 558 2015 tamen
586 1945 671 2035 apud
700 1946 902 2014 Athenienses
931 1959 963 2016 et
982 1948 1146 2014 Romanus
1174 1958 1303 2014 cautum

145 2041 244 2109 tuest,
265 2051 306 2096 ne
329 2033 398 2120 quis
417 2053 513 2100 noras
533 2029 749 2109 introduceret
767 2031 945 2118 religiones.
981 2021 1076 2098 Unde
1097 2044 1130 2099 et
1151 2033 1302 2098 Socrates

185 2114 351 2183 demontus
384 2129 450 2198 est,
492 2128 527 2184 et
556 2115 671 2183 Iudaei
709 2114 757 2181 rel
790 2116 942 2184 Chaldaei
974 2119 1015 2184 ab
1052 2119 1132 2185 urbe
1169 2117 1302 2208 depulsi.

183 2201 438 2288 Hinc'Virgilins
459 2200 622 2289 eleganter
640 2203 670 2268 iu
693 2200 788 2268 VIII:
1224 2217 1229 2239 ¹⁴

610 2285 811 2352 Numitore
847 2284 1029 2353 sollemnia
1062 2281 1159 2350 nohis

269 2369 375 2437 Vana
397 2371 600 2458 superstitio
618 2381 812 2436 veterrimus
833 2370 963 2456 ignaru
982 2369 1122 2434 deorum

23 2520 25 2525 ,
140 2472 178 2520 au
266 2455 447 2540 [reposuit.

174 2538 256 2615 ‚uuo
279 2560 414 2627 namque
435 2537 527 2605 dicit:
556 2534 763 2624 nequeenim
786 2535 832 2601 vel
855 2534 946 2614 ideo,
973 2535 1026 2614 ait,
1050 2535 1223 2604 Herculem
1242 2560 1296 2604 co·

179 2622 287 2704 limus,
307 2625 382 2712 quia
401 2645 526 2689 omnem
546 2620 729 2707 religionem
751 2644 857 2687 reram
900 2635 1035 2702 atomus,
1055 2619 1102 2686 vel
1124 2623 1198 2708 quio
1218 2622 1296 2690 deos

178 2707 363 2794 ignoremus
383 2709 538 2796 unhquus.
579 2704 675 2782 Quod
691 2705 853 2795 Nymphas
873 2644 1023 2793 Neptuno
1045 2703 1201 2788 dedicant,
1228 2710 1295 2796 ipsa

177 2792 310 2862 nominis
327 2793 441 2883 etymol
486 2793 516 2858 ia
539 2813 634 2859 causa
648 2802 710 2858 est.
744 2791 910 2881 Nymphae
925 2792 1005 2856 enim
1019 2791 1109 2877 quasi
1125 2792 1295 2880 lymphas,

135 2873 213 2948 auid
241 2889 291 2946 est
317 2901 427 2967 aquae
476 2879 559 2946 'ctae
579 2889 660 2943 sunt
701 2876 919 2979 Nympharum
942 2897 1015 2942 uero
1036 2876 1119 2940 banc
1140 2875 1196 2944 dat
1218 2879 1293 2943 Ser-

176 2963 244 3031 vius
264 2960 482 3031 differentiam.
523 2960 679 3051 Najades,
711 2962 827 3048 inquit,
858 2960 940 3026 deae
969 2961 1116 3027 dicuutur
1144 2961 1293 3043 sontium;

138 3126 143 3133 ,
175 3056 243 3116 nair
264 3048 346 3115 euim
368 3071 461 3136 uque
481 3046 612 3128 dicitor;
639 3045 784 3114 Oreades
804 3047 973 3127 montium;
999 3044 1074 3133 ὄρος
1095 3046 1177 3112 enim
1198 3071 1307 3111 moras>

174 3136 415 3224 interpretatur;
435 3131 582 3222 Dryades
606 3130 749 3199 silvarum
772 3131 868 3213 deae;
893 3133 971 3218 δρῦς
993 3152 1128 3218 namque
1148 3152 1292 3218 quercus

173 3232 275 3287 sonat
315 3216 411 3286 Unde
431 3216 709 3307 etAmadryades,
729 3215 761 3282 id
784 3231 833 3283 est
851 3227 1007 3278 nutantes
1028 3237 1190 3302 quercus,
1210 3237 1292 3304 quae

131 3303 334 3384 auuideltset,
364 3312 401 3372 ut
428 3305 472 3371 ait
492 3303 692 3381 Aristoteles,
714 3325 785 3368 cum
801 3301 967 3367 arboribus
991 3312 1160 3365 nascuntur
1181 3312 1215 3366 et
1235 3322 1291 3388 pe-

171 3404 274 3460 reunt
314 3391 412 3458 Maris
432 3411 507 3456 rero
541 3387 622 3455 deae
656 3386 810 3455 Nereides
842 3409 862 3451 a
893 3385 1020 3464 Nereo,
1058 3383 1120 3450 deo
1157 3386 1289 3464 marino,

171 3475 286 3544 dictae.
329 3475 438 3544 Ventis
458 3497 585 3564 quoque
606 3473 773 3560 Neptunus
795 3493 944 3559 praeesse
965 3469 1095 3549 dicitur,
1125 3467 1212 3558 quod
1240 3492 1290 3537 se-

171 3560 310 3629 cundum
358 3561 482 3649 hysicos
504 3573 591 3626 motu
612 3581 714 3646 oquae
735 3569 845 3624 ventus
867 3567 1002 3621 creatur.

254 3648 285 3713 4.
363 3650 476 3713 abetor
489 3645 521 3710 in
537 3643 660 3722 fabula,
682 3642 767 3732 quod
789 3663 885 3730 quum
905 3639 1073 3727 Neptunus
1095 3648 1127 3705 et
1147 3637 1289 3704 Minerua

129 3729 212 3796 sade
240 3733 432 3799 Athenarum
458 3732 584 3796 nomine
614 3728 857 3807 contenderent,
897 3724 1013 3811 placuit
1044 3723 1121 3802 diis,
1159 3736 1195 3791 ut
1221 3723 1289 3813 ejus

77 3841 82 3852 ·
170 3817 295 3882 nornine
315 3816 422 3882 civitas
445 3813 620 3893 diceretur,
650 3815 702 3903 qui
728 3812 838 3880 melius
859 3833 971 3877 munus
993 3809 1174 3876 mortalibus
1196 3810 1288 3874 obtu-

168 3901 255 3967 lisset
305 3900 401 3966 Tunc
421 3899 587 3987 Neptunus
609 3922 761 3986 percusso
785 3898 875 3964 litore
903 3917 1034 3982 equum,
1067 3892 1180 3960 animal
1208 3892 1288 3958 bellu

169 4000 294 4073 aptum,
316 3982 483 4072 produxil3
516 3987 656 4051 Minerva
683 3986 766 4069 jacta
795 3983 885 4048 hasta
905 3982 1017 4045 olivam
1038 3979 1175 4059 creavit3
1206 4001 1289 4067 quae

167 4093 218 4137 res
246 4069 356 4136 melior
384 4071 588 4157 comprobata
615 4082 679 4144 est,
711 4082 752 4136 *ut
777 4068 864 4154 pacis
899 4066 1032 4152 insigne.
1085 4065 1196 4138 Quare
1226 4062 1288 4128 dea

125 4170 261 4223 ausuum
289 4177 404 4220 nomen
433 4155 504 4220 urbi
532 4153 636 4235 dedit;
669 4151 807 4239 Ἀθηνᾶ
838 4150 919 4217 enim
951 4163 983 4216 et
1003 4149 1145 4216 Minerua
1173 4147 1286 4214 eadem

166 4253 232 4321 est,
254 4252 287 4308 et
308 4253 478 4326 utrumque
499 4262 612 4305 nomeu
631 4236 878 4304 immortalitas
894 4238 1126 4323 iuterpretatur.
1159 4235 1285 4321 Equum

165 4339 272 4394 autem
294 4348 314 4391 a
336 4323 485 4413 Neptuno
507 4325 707 4412 progenitum
734 4322 784 4389 alii
804 4322 998 4400 Sciothium,
1030 4320 1079 4386 alii
1102 4320 1286 4396 Chironem,

165 4410 214 4477 alii
240 4411 388 4478 Arionem
416 4407 530 4477 volunt.
584 4410 665 4476 Sunt
698 4429 778 4495 ergo
808 4406 967 4485 Athenae,
1005 4418 1041 4472 ut
1068 4402 1132 4492 ego
1164 4405 1286 4492 accepi,

165 4518 265 4585 prope
293 4498 364 4565 litus
394 4495 488 4561 maris
516 4492 604 4560 sitae.
650 4491 744 4560 Unde
772 4502 806 4559 et
839 4493 931 4589 regio
959 4489 1109 4578 adjacens
1130 4491 1170 4554 ab
1192 4483 1286 4574 ἀκτὴ,

122 4580 251 4670 taquud
272 4581 343 4650 litus
364 4582 606 4669 interpretatur,
625 4580 715 4645 Arte
741 4574 788 4641 uel
810 4576 953 4653 Attacu,
984 4576 1106 4663 ipsique
1117 4574 1286 4641 Athenien·

164 4691 216 4734 ses
237 4666 355 4735 Attici
376 4675 607 4754 nuncupantur.
651 4664 733 4731 Esse
754 4671 862 4728 autern
882 4675 916 4728 et
945 4674 1061 4728 terram
1089 4659 1171 4727 illam
1200 4658 1286 4726 olivis
