2640 5130
376 533 568 638 ,merop
595 536 629 611 ¹·
682 535 1199 647 &bebi-19

285 714 360 795 llll.
411 718 640 799 Hercules
676 735 719 800 et
751 721 980 805 Alcmena.
1057 795 1061 804 .

139 842 306 914 namn·
327 854 420 914 ortus
439 845 598 915 inittalin
638 846 702 937 Jop
725 849 787 919 iter
812 874 886 921 oum
905 855 1073 940 Alcmene,
1099 880 1199 929 uxore

58 931 322 1084 Δωγὶιὶῑγὸοῃίο,
339 932 376 999 iu
392 931 502 1021 specie
519 931 586 1022 ejus
607 871 773 1035 concubia
794 957 835 1004 ex
854 962 918 1026 qua
937 954 1028 1013 natus
1047 955 1096 1012 eet
1112 948 1197 1013 Her-

61 1019 157 1084 cnles.
237 1039 311 1105 ujus
338 1028 377 1085 ut
404 1028 494 1084 ortus
512 1018 627 1084 Junont
650 1019 767 1088 celatus
789 1038 892 1106 esset,
924 1050 1007 1114 quac
1035 1042 1126 1099 natos
1153 1031 1197 1097 de

63 1104 229 1254 pebmbm
251 1102 329 1168 odio
356 1102 483 1182 babuit,
516 1104 677 1205 geminate
707 1117 758 1173 est
787 1127 859 1185 nox.
909 1111 976 1178 Sed
1028 1137 1102 1181 num
1131 1127 1219 1183 non⁵

94 1189 209 1256 tuisset
241 1187 420 1268 lunonem,
452 1187 578 1257 immun
609 1187 691 1256 duos
724 1213 740 1258 e
839 1204 905 1274 tes,
938 1199 991 1286 qui
1057 1200 1196 1269 erculern

66 1272 259 1341 devorarent
276 1275 311 1340 in
332 1274 422 1340 cuuis
433 1272 604 1361 jacentem.
646 1273 750 1343 Erant
791 1299 833 1342 uo
855 1282 961 1368 pueri,
989 1282 1125 1371 Iphicles
1152 1287 1195 1354 de

67 1360 310 1448 Amphitryone,
336 1356 496 1425 Hercules
516 1358 558 1425 de
576 1361 666 1427 Jove.
707 1359 860 1448 Ipblcles,
890 1365 931 1432 ab
961 1367 1098 1438 adventu
1126 1394 1194 1438 ser-

67 1447 207 1530 pentium
233 1444 380 1520 territus,
409 1441 453 1510 de
479 1445 567 1512 cunis
595 1440 727 1525 cecidit,
759 1456 794 1513 et
822 1450 931 1536 vagitu
960 1475 1019 1520 auo
1046 1468 1193 1544 parentes

67 1529 259 1596 dormientes
270 1528 425 1597 excitarit
453 1528 516 1604 Qui
535 1528 870 1618 surgentecridcruut
879 1535 1053 1607 Herculem
1068 1562 1191 1629 angues
1200 1560 1235 1609 ιο

67 1614 253 1696 elidentem,
280 1626 314 1683 et
333 1612 379 1682 eis
398 1623 531 1702 guttura
552 1615 797 1706 praefocantem.
1065 1639 1068 1643 ’

239 1813 306 1891 51.
359 1815 583 1892 Hercules
626 1826 669 1890 et
704 1815 895 1893 Ncmeue
931 1821 1014 1896 leo.

144 1945 305 2014 Hercules
326 1942 439 2048 misens
459 1942 500 2046 ab
520 1940 722 2047 Eurystheo,
749 1942 977 2048 Thebanorum
1000 1968 1100 2036 rege,
1124 1949 1192 2016 Ne.

67 2033 319 2187 amaebbotffl
346 2027 521 2108 mterseot,
550 2050 640 2117 cujus
661 2027 743 2117 pelle
764 2050 837 2177 cum
858 2034 1018 2145 ungurbus
1039 2055 1097 2122 pro
1118 2058 1232 2187 spo-H⁵

420 2269 492 2345 52·
541 2268 825 2347 Molorchus.

140 2398 327 2468 Molorchus
348 2395 474 2488 qnidam
493 2408 601 2486 pestor
621 2395 697 2479 suit,
725 2397 779 2485 qul
800 2397 992 2479 Herculem,
1014 2402 1189 2471 venientem

63 2485 100 2554 ad
116 2487 278 2554 Nemeum
298 2484 422 2553 leons·
443 2481 670 2589 occidendum,
699 2479 869 2552 liberaliter
888 2486 1038 2575 suscepit.

318 2693 388 2769 55.
439 2694 562 2794 Eryx
599 2699 644 2765 et
674 2635 918 2781 Hercules.

136 2823 229 2913 Eryx
250 2821 384 2889 Veneris
404 2831 438 2888 et
458 2820 563 2905 Butae
583 2811 663 2885 filius
686 2816 753 2886 suit.
781 2819 863 2901 Qui,
894 2818 1019 2902 occicus
1039 2819 1082 2886 ab
1096 2820 1228 2895 Her-20

61 2908 143 2989 cole,
172 2932 213 2975 ex
243 2907 404 2995 sepulture
424 2927 483 2973 sua
504 2903 602 2972 monti
623 2925 738 2970 nomen
759 2902 923 2994 imposuit,
938 2914 941 2920 '
955 2905 986 2972 in
1007 2927 1072 2993 quo
1092 2906 1185 2974 matri

59 2995 176 3063 feceret
205 2993 375 3081 ternplum,
404 2988 491 3081 quod
510 2993 638 3058 Aeneae
658 2989 788 3059 ascribit
806 2995 920 3080 poete:
958 2990 1048 3057 tem
1067 2989 1186 3059 vicina

57 3082 161 3147 catria
182 3078 337 3166 Erycino
358 3081 396 3142 in
416 3076 545 3144 vertice
563 3073 671 3141 sedes.

80 3316 84 3321 ·
193 3291 265 3368 54.
318 3285 548 3365 Herculeo
583 3293 626 3357 et
656 3281 859 3359 Ciminus
896 3285 1037 3360 lacus.

134 3417 298 3487 Hmcolcs
332 3409 499 3504 aliquando
529 3408 614 3475 venit
643 3408 686 3487 ad
721 3409 871 3501 populos,
910 3413 964 3501 qui
994 3411 1222 3482 dicebanturue

53 3506 168 3573 (imici
196 3504 245 3570 rel
273 3526 293 3570 a
323 3511 430 3569 moute
457 3497 505 3564 sel
530 3492 648 3563 eloco.
690 3495 736 3564 Et
755 3517 852 3584 quum
873 3519 893 3564 a
914 3497 1045 3600 singulis
1067 3521 1182 3587 provo-

52 3605 180 3660 csrctur
210 3587 252 3656 ad
283 3584 511 3655 ostendendam
538 3578 700 3660 virtutem,
736 3579 885 3649 delinisse
915 3582 1030 3649 dicatur
1056 3596 1181 3652 vectem

53 3678 209 3755 ferreum,
230 3697 295 3761 quo
318 3674 532 3739 exercebatur·
561 3664 626 3738 Qui
646 3688 743 3753 quum
764 3677 870 3735 terrae
882 3679 967 3734 esset
983 3667 1095 3735 affixus
1111 3682 1145 3735 et
1160 3693 1181 3735 a

50 3764 130 3828 nollo
164 3773 276 3848 posset
303 3757 438 3836 auferri,
473 3777 546 3821 eum
574 3763 707 3836 rogatus
737 3752 877 3833 sustulit3
915 3751 1000 3818 unde
1027 3755 1179 3821 immense

50 3850 91 3916 rie
109 3868 269 3937 aquarum
291 3844 460 3911 subsecuta
481 3853 549 3921 est,
576 3856 660 3925 quae
681 3835 839 3904 Ciminum
860 3838 965 3905 lacum
988 3838 1071 3906 fecit.
1182 3854 1220 3903 ao

274 4051 343 4126 55.
374 4047 594 4123 -Autneue
627 4060 674 4123 et
705 4047 947 4124 Hercules.
991 4050 998 4061 '

123 4188 272 4254 Antaeus
295 4178 355 4244 luit
371 4196 427 4242 rex
446 4174 587 4263 Libyae,
615 4174 696 4242 filius
718 4174 851 4240 Terrae.
893 4168 944 4239 Ad
964 4192 1058 4261 quem
1079 4191 1176 4259 quum

45 4272 182 4340 venisset
212 4264 387 4340 Hercules,
417 4261 522 4351 coepit
551 4281 622 4325 cum
644 4281 683 4326 eo
704 4256 833 4339 luctari,
867 4256 925 4324 sed
957 4278 1019 4322 non
1050 4267 1177 4345 poterat

42 4379 110 4424 eum
141 4372 312 4443 superare
333 4348 496 4433 Fingebat
516 4345 597 4423 enim
617 4368 653 4411 se
674 4343 808 4410 cadere:
844 4355 878 4410 at
907 4363 946 4407 ex
966 4353 1068 4407 matre
1089 4354 1175 4408 terra

42 4445 117 4511 riree
151 4438 323 4514 sumebat,
355 4445 388 4500 et
413 4431 525 4498 fortior
553 4431 716 4516 surgebat
757 4429 833 4495 Hoc
861 4448 1060 4513 cognosceus
1089 4427 1217 4499 Her-35

40 4531 142 4612 cales,
173 4541 365 4611 suspensum
385 4518 418 4583 in
439 4523 531 4597 aire,
558 4516 633 4584 eliso
656 4525 805 4604 gutture,
830 4511 1004 4598 suffocavit.
1063 4599 1066 4605 .

710 4628 768 4693 2.
