2640 5130
433 631 614 736 munga.
641 635 674 706 1.
729 631 796 707 ra.
1126 633 1181 710 ss

52 822 187 914 Ceplreu
217 832 251 890 et
271 817 481 907 Cassiopea,
507 817 689 906 parentibus
718 817 861 907 virginis,
890 829 926 886 ut
944 816 1003 885 sibi
1022 820 1180 887 matrimo⁴

51 910 133 999 nioj
226 920 316 989 reut,
345 905 374 972 si
400 903 525 969 belnam
553 903 770 970 interemisset
812 902 962 971 Perfecto
983 905 1081 991 igitur
1100 907 1180 973 Per-

53 1017 124 1063 ιω
151 1018 198 1085 po
229 1004 312 1073 uto,
343 1010 443 1079 quum
469 987 549 1055 fides
598 989 729 1054 romissa
760 1012 780 1054 a
810 989 942 1075 Cepheo
975 1003 1060 1057 esset
1087 1013 1179 1078 prae-

54 1080 136 1159 su‘ta,
165 1090 203 1147 et
228 1077 411 1165 nuptiarum
439 1012 648 1162 con’ngaiium
674 1072 772 1162 epulis
802 1069 956 1161 principes
982 1076 1178 1155 interessent,

54 1164 213 1245 Phineus,
246 1162 301 1229 cni
329 1098 531 1227 Andromeda
559 1170 634 1225 ante
658 1158 761 1225 suerat
782 1157 988 1246 desponsata,
1015 1174 1202 1228 contrane-5

55 1248 124 1317 bum
151 1250 215 1317 sibi
246 1246 430 1315 uictimam
458 1244 673 1332 gravissimam
703 1243 888 1333 injunctam,
925 1243 1011 1330 quod
1040 1245 1181 1313 advenae

55 1334 315 1438 consanguineus
344 1328 539 1418 postpositus
568 1341 671 1399 esset.
704 1330 896 1395 vescentium
923 1331 1043 1396 animos
1071 1354 1180 1418 pugna

56 1420 209 1487 confudit.
249 1418 297 1485 Et
321 1436 421 1502 quum
445 1435 497 1481 res
524 1411 708 1480 miserabilis
734 1412 946 1480 dimicantium
973 1434 1124 1502 ageretur
1147 1418 1179 1482 in

55 1506 161 1592 regia,
192 1526 234 1570 ae
265 1498 354 1568 multi
384 1520 427 1565 ex
454 1509 588 1601 utraque
637 1511 704 1564 arte
724 1501 836 1577 armis,
867 1520 954 1600 quae
974 1523 1066 1567 casus
1088 1502 1179 1567 obtu-

56 1589 156 1739 ἕως,
187 1585 601 1739 ωέἰάἱωεῃὲἕυέιοωῦεέωῶ
614 1523 772 1734 ἔξειπε..
797 1594 1028 1746 perttrupiqscen‘s2
1042 1587 1221 1688 multitu-10

88 1698 159 1743 uun
196 1692 359 1741 aversan
459 1718 470 1744 ,
722 1691 791 1737 oms
820 1691 892 1736 exu
1030 1693 1071 1737 uo
1103 1695 1169 1740 vrso

59 1759 198 1828 Pbineus
218 1780 294 1828 oum
313 1753 532 1824 auxiliantibus
542 1690 723 1842 ldiriguit.rg
950 1775 954 1783 ·
1171 1722 1180 1754 ’

243 1943 314 2019 74.
367 1945 647 2044 Tarquinius
681 1956 725 2019 et
757 1944 988 2018 Lucretia.

139 2090 338 2181 Tarquinius
364 2091 529 2181 Superbus
555 2091 665 2158 habuit
694 2088 834 2178 perditos
865 2090 972 2173 filios,
994 2091 1077 2158 inter
1101 2113 1180 2181 quos

63 2180 235 2246 Arruntem.
278 2178 344 2253 Qui
364 2176 439 2243 dum
459 2177 490 2242 in
511 2178 623 2244 castris
646 2187 747 2253 esset,
776 2188 867 2263 patre
886 2201 945 2242 suo
967 2175 1102 2242 Ardeam
1124 2177 1223 2243 ob-tu

64 2263 198 2343 sidente,
217 2274 253 2330 et
273 2275 363 2329 ortus
384 2272 470 2328 esset
488 2262 570 2329 inter
592 2285 664 2329 eum
685 2273 717 2329 et
737 2261 934 2342 Collatinum,
958 2263 1104 2328 maritum
1115 2263 1183 2326 Lu·

64 2349 195 2429 cauae,
227 2346 272 2414 de
298 2347 449 2414 uxoribus
481 2370 603 2426 sermo,
647 2368 787 2432 eousque
824 2348 976 2433 processit
1013 2349 1182 2427 contentio,

63 2448 95 2500 nt
122 2432 165 2499 sd
197 2431 382 2523 probandos
413 2436 521 2498 earum
553 2453 676 2512 mores,
713 2432 845 2518 arreptis
878 2433 984 2520 equis,
1021 2433 1124 2500 statim
1150 2434 1183 2498 in

64 2518 170 2586 domos
192 2540 269 2587 suas
289 2517 382 2585 simul
405 2518 688 2604 proficiscerentur.
728 2515 869 2603 Ingressi
896 2519 1003 2604 itaque
1028 2518 1181 2585 civitatem

64 2604 243 2685 Collatiam,
274 2603 329 2669 ubi
362 2602 422 2670 snit
450 2603 621 2669 Lucretiae
650 2600 780 2680 domus,
812 2602 994 2669 invenerunt
1014 2626 1084 2669 earu
1105 2603 1225 2677 lani-uo

62 2690 127 2755 bcio
147 2688 229 2756 dare
248 2710 398 2777 opernm,
424 2699 456 2755 et
476 2689 596 2756 tristem
616 2697 746 2776 propter
767 2687 869 2753 mariti
888 2687 1071 2755 absentiam.
1103 2687 1184 2755 Inde

64 2775 199 2842 Arruntis
221 2772 353 2841 domurn
375 2773 528 2860 profecti,
548 2795 644 2861 quum
664 2793 795 2838 uxorem
815 2772 882 2861 ejus
902 2773 1091 2841 invenissent
1109 2797 1184 2840 can-

65 2860 157 2927 tilenis
185 2870 220 2928 et
249 2858 467 2926 saltationibus
494 2857 728 2946 indulgentem,
763 2859 879 2922 reversi
909 2856 950 2923 ad
979 2871 1082 2925 castra
1102 2871 1182 2926 sunt

65 2944 151 3018 Quod
173 2947 298 3011 Arruns
321 2941 448 3020 dolens,
479 2966 575 3031 quum
604 2942 646 3008 de
675 2943 877 3044 expugnabili
900 2944 1070 3011 Lucretiae
1090 2945 1182 3012 casti-

65 3040 121 3096 tate
140 3031 322 3118 cogitaret,
350 3028 452 3094 mariti
479 3030 547 3118 ejus
574 3028 699 3094 nomine
726 3028 886 3116 epistolam
909 3028 1012 3109 linuit,
1042 3043 1075 3097 et
1096 3028 1226 3096 deditas

64 3112 250 3195 Lucretiae;
279 3114 312 3178 in
339 3135 403 3263 qna
427 3115 490 3180 boo
517 3115 751 3187 continebatur,
780 3124 815 3179 ut
834 3115 953 3178 Arruns
974 3116 1187 3203 susciperetur

133 3201 200 3266 itio.
277 3220 318 3264 uu

65 3197 344 3352 idicutuchum
376 3283 544 3373 Aethiope.
571 3284 633 3351 hae
673 3296 743 3348 arte
784 3284 868 3430 egit,
907 3296 942 3350 ut
973 3285 1031 3350 sibi
1066 3306 1187 3350 morem

65 3384 209 3454 guarel,
251 3367 378 3435 dicens:
420 3369 491 3433 nisi
527 3391 661 3434 mecum
702 3389 806 3431 eoneu
829 3367 942 3443 ueris,
983 3368 1186 3454 Aethiopem

67 3466 169 3519 tecum
209 3453 395 3530 interimo,
440 3463 608 3542 tanquam
644 3452 681 3516 iu
721 3450 894 3516 adtollerio
932 3451 1229 3539 deprelrerzsam.tto

67 3537 192 3607 'l‘rmeus
211 3537 320 3626 itaque
339 3537 509 3617 Lucretia,
542 3561 583 3603 ne
605 3537 735 3615 lamam,
758 3536 908 3603 castitatis
929 3557 1053 3617 amore,
1074 3536 1115 3602 de
1137 3559 1188 3602 er-

69 3619 169 3706 deret;
201 3622 320 3710 quippe
340 3643 433 3709 quam
454 3622 522 3688 sine
542 3621 731 3711 purgatione
758 3621 894 3688 suturam
921 3643 992 3687 sese
1019 3561 1187 3702 cerasiam

69 3706 155 3775 inrita
174 3710 321 3795 turpibus
343 3707 478 3795 imperiis
500 3709 612 3796 paruit.
652 3706 698 3772 Fit
719 3705 816 3771 altero
836 3705 888 3771 die
910 3707 1091 3774 convocatis
1113 3729 1188 3794 pro·
1275 3728 1281 3741 ¹

71 3794 201 3883 pinquis,
228 3794 341 3859 marito
363 3792 535 3870 Collatino,
563 3804 651 3880 patre
671 3790 874 3879 Tricipitino,
901 3793 1002 3857 Bruto
1024 3792 1187 3872 avunculo,

71 3881 115 3962 qui
140 3879 286 3946 tribunus
313 3878 451 3964 equitum
482 3877 617 3944 celerum
646 3875 765 3953 luerat,
804 3899 870 3941 rem
893 3875 1051 3956 indicans,
1088 3877 1228 3979 petiit,35

71 3982 105 4027 ne
122 3964 252 4031 violatus
276 3962 394 4050 pudor,
422 3984 500 4028 nere
518 3964 632 4029 inultus
653 3961 720 4050 ejus
741 3960 881 4029 interitus
902 3973 1002 4041 esset,
1027 3977 1186 4052 conjecto-

71 4069 124 4132 que
150 4048 259 4136 gladio
286 4070 322 4112 se
346 4048 511 4115 interemit.
558 4049 660 4123 Quem
682 4047 799 4129 Brutus
821 4045 863 4111 de
885 4046 951 4133 ejus
978 4070 1112 4134 corpore
1134 4070 1187 4112 ex-

70 4143 193 4199 tractum
220 4146 350 4208 tenens,
378 4135 533 4221 processit
558 4132 599 4198 ad
626 4130 792 4219 populum,
822 4145 854 4198 et
878 4132 972 4196 multu
997 4144 1209 4219 conquestus.

72 4214 106 4281 de
124 4218 290 4305 Tarquinii
309 4220 474 4304 superbia,
502 4231 536 4287 et
554 4219 688 4284 liliorum
710 4217 777 4305 ejus
798 4215 1006 4304 turpitudine,
1035 4219 1119 4305 egit,
1148 4240 1188 4282 ne

72 4302 97 4365 in
124 4307 234 4370 urbem
268 4303 501 4389 reciperentur,
543 4303 731 4369 auctoritate
762 4318 825 4388 qun
858 4302 1022 4389 plurimum
1053 4316 1186 4392 poterat.
1195 4334 1230 4383 40

73 4384 167 4467 llam,
210 4401 247 4454 ut
274 4409 370 4475 snpra
397 4389 549 4467 diximus,
584 4390 704 4455 Brutus
733 4388 875 4453 tribunus
904 4387 1046 4474 equitum
1075 4388 1221 4454 luerat.¹

76 4471 133 4538 tet
155 4496 253 4560 quum
276 4494 338 4537 non
355 4475 569 4563 susciperetur
585 4471 794 4559 Tarquinius,
819 4472 947 4538 eontulit
966 4495 1001 4537 se
1018 4470 1059 4537 ad
1078 4495 1188 4560 regem

76 4556 206 4624 Tusciae
220 4559 432 4636 Porsennam,
451 4562 505 4647 qui
521 4579 580 4646 pro
595 4558 770 4644 Tarquinio
788 4582 861 4624 cum
879 4558 1060 4644 ingentibus
1080 4559 1189 4646 copiis,
1220 4586 1232 4607 r

78 4656 162 4730 rapto
188 4642 331 4712 laniculo
360 4654 393 4714 et
420 4643 482 4712 illie
515 4643 626 4713 eastris
658 4643 785 4731 positis,
826 4644 962 4711 Romam
991 4643 1191 4713 vehementer

353 3210 441 3273 acto,
471 3221 530 3287 per
549 3215 674 3266 noctem
689 3197 798 3265 stricto
818 3197 925 3284 gladio
943 3198 1009 3287 ejus
1023 3201 1186 3287 ingressus
