2640 5130
139 555 221 635 104
453 558 636 660 Mythogr.
663 554 715 628 ΙΙ.
768 552 837 628 84.
862 552 931 629 85.

502 736 571 813 84.
624 740 897 814 Tiresias.

224 865 381 946 Tiresias,
401 865 517 935 Eueris
537 866 636 947 filius,
656 888 778 956 genere
798 868 991 946 Thebanus,
1010 866 1042 932 ln
1062 878 1169 936 monte
1188 871 1264 962 cyl-
1309 860 1313 867 ’

139 952 212 1022 lene
237 952 395 1020 dracones
435 952 606 1020 concubitu
631 952 798 1021 haerentes
820 953 909 1040 virga
930 974 1025 1040 quum
1046 957 1264 1042 percussisset,
1311 1004 1314 1027 2

138 1039 172 1107 iu
191 1038 352 1106 mulierem
373 1059 481 1105 versus
502 1048 559 1106 est
602 1035 647 1103 Et
671 1049 745 1126 post
766 1039 917 1127 temporis
936 1039 1050 1104 seriem
1071 1041 1182 1107 iterum
1206 1063 1264 1109 eos

115 1125 386 1193 tcoucumbentes
416 1122 543 1203 videus,
566 1122 729 1227 percussis
754 1144 862 1190 rursus
883 1124 973 1213 virga
994 1123 1025 1187 in
1048 1123 1161 1191 eodem
1181 1124 1264 1209 loeo,

139 1211 173 1279 in
200 1210 353 1299 figuram·
370 1204 464 1275 rediit
488 1207 659 1314 pristinam.
708 1207 782 1282 Quo
811 1222 956 1295 tempore
986 1207 1068 1274 inter
1094 1210 1206 1278 Jorem
1230 1223 1266 1281 et

139 1296 297 1363 Juuonem
318 1293 432 1385 jocosa
460 1291 519 1360 l'urt
545 1290 592 1359 dis
654 1291 750 1370 tatio,
777 1304 883 1360 utrum
909 1315 975 1360 mes
999 1314 1040 1359 an
1062 1292 1177 1361 lemine
1197 1318 1265 1363 ma·

133 1380 240 1471 jerem
267 1379 397 1447 sentiret
425 1376 471 1443 rei
500 1378 637 1468 conjuga
648 1378 674 1445 is
701 1379 910 1465 roluptatem;
940 1378 1138 1447 introductus
1164 1378 1264 1469 juder

141 1466 301 1545 Tiresias,
323 1464 375 1552 qui
394 1476 560 1550 utramque
580 1474 722 1529 naturam
744 1476 892 1551 expertus
917 1463 1028 1541 luerat,
1049 1488 1175 1532 sensum
1195 1486 1265 1532 mu·

104 1554 139 1604 1⁰
146 1549 230 1619 lieris
251 1546 294 1615 ad
311 1548 577 1636 comparationem
598 1548 655 1614 riri
671 1546 822 1637 triplicem
841 1549 909 1613 lore
924 1560 1166 1617 asseveraverat
1208 1554 1264 1619 0lr

141 1635 205 1702 hoc
232 1634 317 1701 Juno
344 1633 426 1700 irata
452 1654 562 1700 manus
591 1631 659 1720 eius
687 1632 867 1721 praecidit,
896 1647 935 1700 et·
968 1656 1041 1700 eum
1073 1636 1265 1704 exeaecavit.

98 1758 102 1787 ;
141 1719 286 1808 Juppiter
312 1732 419 1787 autem
444 1719 489 1785 oh
514 1716 549 1783 id
571 1719 601 1783 ei
622 1717 798 1796 concessit,
836 1729 871 1785 ut
896 1717 959 1784 VII
984 1732 1106 1788 aetates
1136 1723 1266 1802 vireret,

143 1817 294 1893 ratesque
327 1802 544 1872 raecisdmus
569 1803 750 1870 haberetur.
791 1802 967 1885 utranam,
999 1826 1094 1892 quem
1121 1805 1266 1887 diximus,

140 1888 271 1978 intelligi
292 1886 398 1957 solunt
417 1901 551 2039 tempus,
572 1885 659 1977 quod
678 1887 712 1954 in
732 1909 805 1954 vere
825 1887 941 1955 dieitur
962 1889 1167 1967 uxorculam,
1190 1890 1267 1979 quia

102 1974 223 2044 1⁶tune
242 1973 381 2042 soliditas
402 1986 436 2042 ct
455 1994 602 2040 eausura
621 1983 672 2041 est
687 1973 875 2060 germinum.
916 1973 1010 2058 Ergo
1038 1973 1114 2042 dum
1135 1998 1268 2043 vernum

143 2072 267 2148 tempus
281 2059 429 2147 coeuntia
440 2057 500 2126 sibi
513 2059 632 2126 ellectu
645 2057 789 2125 animalia
801 2058 922 2137 viderit,
936 2079 1038 2145 eaque
1049 2059 1164 2148 virge,
1177 2060 1267 2130 idest

142 2141 294 2228 serveria
312 2155 429 2223 aestu,
457 2143 665 2231 percusserit;
692 2143 723 2209 in
746 2142 915 2210 femineum
934 2165 1043 2210 sexum
1064 2147 1267 2227 convertitur,

143 2228 219 2296 dum
254 2229 287 2295 in
324 2228 453 2295 aestatis
485 2228 639 2297 servorem
670 2238 818 2297 mutatur.
870 2231 1028 2294 Aestatem
1062 2250 1197 2317 namque
1233 2231 1267 2296 in

144 2313 273 2381 modum
302 2312 437 2380 feminae
462 2326 601 2402 ponunt,
628 2313 702 2401 quia
731 2313 836 2380 omnia
859 2311 1020 2400 patefacta
1039 2314 1105 2380 suis
1126 2315 1267 2383 folliculis

102 2409 323 2487 atemergunt
353 2398 453 2487 Cujus
473 2398 620 2484 genitura
641 2395 718 2463 dum
739 2398 885 2464 veniente
904 2410 1054 2464 autumno
1070 2401 1267 2487 prohibetur,

143 2486 257 2552 iterum
286 2483 318 2550 in
345 2484 482 2569 priorem
511 2480 709 2569 concipiendi
739 2493 774 2550 et
799 2483 876 2549 stria
903 2481 976 2547 endi
997 2483 1168 2570 imaginem
1189 2507 1266 2552 eou-

144 2571 285 2638 vertitur.
325 2567 473 2656 Denique
493 2589 590 2656 quum
610 2566 735 2634 duobus
757 2566 833 2643 diis,
861 2504 901 2633 id
915 2577 964 2634 est
983 2566 1109 2636 duobus
1129 2571 1268 2638 elemen-

143 2653 202 2733 tis,
233 2651 301 2741 igni
321 2664 355 2721 et
375 2653 458 2733 aeri,
485 2650 643 2739 judicandi
669 2674 767 2719 causa
788 2652 973 2731 adhibetur,
997 2651 1114 2742 justam
1133 2653 1177 2722 de
1197 2655 1267 2758 ejas

138 2736 259 2826 judicio
282 2738 436 2804 rationem
456 2738 633 2838 profitetur.
666 2735 716 2803 Ad
737 2736 989 2804 fructificandum
1010 2738 1092 2805 enim
1113 2760 1269 2826 germana,

101 2822 238 2910 2⁵tripla
262 2823 328 2888 aiiri
356 2843 433 2910 prae
461 2843 539 2907 agne
559 2845 617 2910 sup
641 2821 698 2890 etit
717 2822 857 2890 materia.
900 2823 964 2887 A'er
985 2822 1068 2889 enim
1089 2836 1121 2891 et
1141 2825 1268 2894 mantnt

142 2908 174 2972 in
195 2907 315 2994 glebis,
337 2919 370 2975 et
389 2904 541 2994 perdurat
561 2908 593 2973 in
617 2847 716 2985 liliis,
742 2919 776 2975 et
796 2905 942 2994 gravidet
961 2906 992 2970 in
1016 2906 1165 2976 folliculis.
1209 2910 1268 2977 sol

87 3044 89 3049 .
143 3003 249 3059 autem
270 3002 430 3059 maturare
448 3001 569 3060 tuntum
596 2992 732 3060 novitia
753 2993 872 3095 grams.
912 2981 1085 3058 AJunorie
1105 3007 1269 3077 caecatur,

143 3077 218 3166 quia
249 3077 360 3145 hiemis
390 3088 514 3165 tempus
542 3076 684 3144 nubilosa
703 3082 785 3144 alins
809 3075 944 3178 ealigine
968 3077 1146 3146 obducitur.
1187 3079 1269 3169 Jup-

143 3161 225 3252 piter
251 3183 328 3228 vero
354 3162 385 3229 ei
412 3161 580 3265 vaporibus
608 3160 740 3231 occultis
766 3158 1023 3251 praesmeutiam,
1051 3164 1085 3230 id
1114 3174 1163 3234 est
1190 3186 1270 3233 con·

101 3246 339 3338 sareptionem,
366 3247 463 3315 tuton
483 3247 698 3317 subministrat
717 3247 878 3336 germinis.

504 3416 572 3492 88.
626 3418 910 3492 Branchus.
995 3426 998 3431 '

227 3545 405 3624 Branchus,
427 3544 557 3633 Apollini
575 3544 717 3625 dilectus,
741 3543 916 3610 futurorum
935 3541 992 3606 suit
1009 3540 1137 3627 peritus.
1168 3540 1269 3631 Cujus

144 3629 212 3699 talis
240 3641 291 3697 est
318 3630 432 3696 sabula.
475 3632 554 3698 Cius
581 3630 710 3718 quidam
729 3630 761 3694 iu
783 3627 1037 3715 peregrinatione
1058 3647 1153 3711 quum
1175 3647 1269 3711 pran-

145 3715 237 3782 deret
263 3715 296 3779 in
316 3715 425 3796 litare,
458 3716 661 3802 proficiscens
691 3714 805 3781 oblitus
825 3724 875 3778 est
895 3713 1008 3789 silium,
1037 3710 1271 3798 Synichronem

15 3812 39 3849 θ
99 3800 280 3878 agnomine.
312 3799 369 3865 Ille
389 3801 420 3865 in
442 3800 555 3868 saltum
578 3800 741 3891 cujusdam
762 3797 912 3865 Petronis
932 3796 1084 3884 pervenit,
1105 3808 1271 3882 receptus·

145 3908 209 3974 que
228 3906 301 3951 cum
321 3884 391 3949 tiliis
413 3885 480 3975 ejus
502 3908 540 3952 ca
565 3907 616 3952 ras
637 3906 771 3974 pascere
793 3883 906 3970 coepit
934 3879 1108 3975 Aliquando
1129 3902 1272 3969 cygnum

143 3967 433 4060 prehendiderunt,
462 3980 495 4036 et
519 3908 603 4038 illlam
624 3985 712 4038 veste
733 3978 975 4056 cooperuerunt
1017 3965 1063 4030 llli
1085 3964 1271 4066 pugnaudo,

145 4068 216 4122 uter
244 4054 327 4143 patri
355 4051 431 4118 illud
460 4078 573 4122 munus
600 4058 748 4132 offerret,
777 4076 873 4141 quum
895 4063 1001 4119 essent
1022 4049 1144 4136 fatigati
1167 4062 1273 4117 certa-

143 4141 246 4217 mine,
267 4138 426 4206 mulierem
449 4140 652 4221 invenerunt,
673 4140 792 4230 rejecta
812 4149 908 4206 veste.
941 4138 985 4203 Et
1005 4158 1101 4222 quum
1123 4136 1273 4222 sugerent

103 4224 264 4303 saterriti,
293 4224 433 4291 revocati
451 4228 493 4292 ab
515 4250 570 4305 ea,
600 4239 634 4292 ut
654 4227 775 4292 Patron
795 4223 890 4290 unice
911 4222 1139 4313 Synichronem
1156 4220 1274 4322 ‘dilige-

145 4320 196 4376 ret
216 4331 368 4397 puerum,
397 4322 470 4378 sunt
494 4311 653 4378 admoniti.
695 4311 742 4376 llli
760 4332 844 4397 quae
864 4309 1047 4386 audierant,
1072 4305 1204 4372 Patroni
1225 4326 1274 4370 m·

145 4393 341 4461 dicaverunt.
382 4395 480 4462 'I'unc
508 4397 630 4463 Patron
659 4395 889 4485 Synichronem
912 4415 971 4482 pro
992 4415 1050 4459 suo
1071 4390 1133 4455 filio
1155 4390 1274 4470 dilexit,

145 4479 240 4580 eique
258 4478 355 4546 liliam
376 4501 508 4547 uxorem
537 4479 658 4548 locavit
700 4479 772 4560 llla,
801 4482 842 4546 ab
871 4502 910 4547 eo
931 4481 1168 4566 impraegnata,
1198 4473 1276 4543 vidit

145 4585 178 4631 ru
208 4565 326 4635 mannis
354 4587 412 4653 per
441 4566 552 4637 lauces
578 4566 725 4636 introisse
751 4565 849 4636 solem
871 4576 903 4634 et
924 4565 1026 4634 exisse
1045 4584 1105 4652 per
1125 4570 1275 4629 ventrem.
