2640 5130
352 544 532 648 lllylhoyr.
559 545 612 620 11.
668 543 784 620 71-
802 545 868 622 74.
1120 548 1174 623 99

54 730 160 820 probe
180 750 262 821 opus
280 750 374 799 mum
392 730 552 798 M'merrae
571 731 843 821 praetulissetet'
860 706 931 798 eam
946 731 1081 800 lanificio
1103 712 1176 823 pru-

52 828 219 896 soram,
239 838 261 884 a
280 816 422 883 Minerva
440 815 471 881 iu
493 840 631 884 vermem
650 819 698 885 sui
721 818 868 895 nominis,
890 815 923 881 id
941 830 991 884 est
1009 840 1177 884 araneam

53 922 229 982 musaea,
259 898 373 1004 laqueo
409 900 504 969 ritem
542 904 648 969 linivit.
701 901 797 968 Unde
831 912 932 970 semet
963 924 1078 991 opere,
1112 927 1176 990 quo

53 986 232 1073 mdabat,
250 983 423 1075 hugueta
442 1009 548 1056 casses
568 989 600 1053 in
617 987 681 1056 alto
695 1009 821 1076 semper
839 986 986 1055 inutiliter
1003 988 1176 1078 suspendit

469 1150 533 1228 7-1.
585 1152 761 1229 Niobe.
1174 1191 1193 1240 5

139 1276 265 1361 Niobe,
290 1276 418 1349 Taomli
447 1276 493 1344 rel
521 1278 648 1369 Pelopis
674 1280 756 1359 filia,
792 1300 872 1346 uxor
901 1281 1099 1373 Amphionis,
1130 1288 1174 1351 uh

54 1362 252 1432 isssclerrtiaru
279 1374 409 1454 partus,
436 1362 583 1466 Apollinis
611 1389 650 1431 ac
678 1364 801 1433 Dianae
830 1387 945 1434 numen
967 1384 1097 1458 experta
1117 1385 1175 1439 est.

56 1448 141 1515 Nam
170 1472 266 1536 quum
294 1471 334 1515 ex
361 1450 418 1513 Am
440 1449 535 1517 huone
555 1464 677 1539 septem
699 1449 768 1515 liliis
787 1449 983 1542 totidemque
1004 1456 1174 1542 virginibus

57 1534 151 1602 editis
171 1534 319 1603 comitata
337 1552 404 1620 gau
428 1547 514 1611 eret,
547 1547 580 1602 et
599 1534 738 1623 quodam
756 1548 899 1625 tempore
920 1539 1047 1622 Manto,
1078 1541 1172 1609 'lire-

56 1618 124 1685 siae
149 1618 231 1701 lilia,
257 1641 297 1686 ex
324 1639 477 1721 responso
505 1618 679 1689 Thebanos
706 1620 894 1703 monuisset,
923 1634 958 1691 ut
977 1624 1124 1694 Latonae
1144 1639 1221 1696 etto

58 1703 127 1771 lillis
147 1703 235 1793 ejus,
263 1702 393 1792 sputum
421 1714 455 1771 et
476 1703 616 1787 Dianae,
645 1727 758 1796 preces
781 1705 916 1788 ferrent,
945 1707 995 1775 illa
1015 1712 1177 1779 sacrificiis

58 1788 211 1858 interesse
231 1788 345 1867 noluit,
366 1787 569 1877 praedicans,
596 1813 634 1858 se
655 1791 865 1881 potentiorem
887 1794 1014 1860 numine
1033 1796 1179 1864 Latonae

59 1897 100 1942 ac
124 1874 194 1943 tiliis
221 1874 289 1962 ejus
317 1895 396 1940 esse.
445 1876 519 1940 Hoc
567 1898 640 1943 uum
668 1877 797 1943 Latona
824 1877 893 1943 liliis
921 1894 1182 1968 conquereretur,

59 1958 167 2047 apotto
187 1970 222 2025 et
242 1959 362 2036 otum,
381 1960 456 2025 tecti
476 1900 630 2038 aubibus,
645 1961 777 2028 'l'hehas
799 1976 969 2044 venerunt,
993 1986 1032 2030 ac
1053 1966 1178 2034 Nioben

61 2064 132 2119 cum
167 2043 237 2111 filiis
273 2042 458 2132 filiabusque
489 2059 688 2115 occurerunt.
739 2046 908 2114 Pererutos
951 2062 1058 2117 autem
1093 2051 1221 2140 apudlo

60 2126 190 2196 'l'hehss
216 2128 331 2194 liberos
356 2128 461 2196 Niobe
487 2128 530 2196 ad
555 2132 706 2222 patriam,
734 2129 865 2221 Sipylon
889 2131 1008 2202 seilicet
1028 2149 1178 2219 montem,

62 2211 175 2316 elicitur
208 2211 389 2296 reduxisse,
424 2214 555 2304 ipsaque
584 2214 701 2286 ibidem
731 2214 763 2284 in
791 2237 904 2286 saxum
933 2230 1055 2289 mutata
1086 2221 1178 2290 iudu-

61 2320 171 2367 mtsse.

437 2463 504 2538 72.
558 2465 798 2542 Glaucus.
840 2556 843 2561 Ι

144 2591 287 2697 Glaucus
312 2590 440 2682 quidam
468 2594 526 2696 luit
549 2592 595 2696 de
611 2593 729 2660 Potuia
750 2592 885 2696 citime:
927 2595 991 2670 Qui
1012 2617 1109 2698 quum
1129 2613 1224 2666 sa-ao

65 2697 119 2746 aa
146 2679 279 2745 venera
306 2688 486 2767 sperneret,
514 2677 564 2744 alla
586 2689 667 2746 arata
691 2681 834 2767 equabus
855 2701 943 2769 eyus,
975 2683 1091 2768 qurhus
1112 2693 1181 2748 ute·

65 2762 231 2917 huam
260 2784 404 2846 currum,
431 2763 736 2869 immisit'lururem3
767 2786 851 2854 quae
876 2786 950 2833 mox
971 2787 1044 2834 eum
1065 2765 1184 2836 dilace-

285 3010 353 3088 75.
404 3013 654 3089 Deucalion
687 3023 728 3089 et
762 3011 955 3115 Pyrrha.

147 3139 294 3231 luppiter
313 3138 440 3210 humani
461 3140 589 3228 generis
613 3137 687 3207 vitia
707 3137 883 3221 vindicans,
910 3153 1011 3211 terras
1034 3142 1225 3214 imbriumas

66 3223 236 3295 nudatiom
264 3223 408 3314 operuit,
437 3237 601 3313 totumque
623 3224 782 3292 hominum
803 3247 906 3314 genus
924 3226 1038 3294 ‹lilurio
1060 3228 1183 3298 delevit.

65 3308 239 3379 Dmcaliou
256 3325 378 3391 autem,
399 3309 582 3379 Promethei
602 3309 700 3387 libus,
722 3323 755 3377 et
768 3308 902 3401 Pyrrha,
923 3312 1065 3398 eiusdem
1082 3336 1184 3396 soror,

65 3419 161 3485 quum
199 3396 396 3467 miseratione
433 3396 592 3462 numinum
626 3395 659 3459 iu
687 3393 831 3461 Parnaso
863 3408 971 3464 monte
998 3399 1185 3466 effusionem

63 3481 209 3550 inbrium
238 3480 411 3569 fugissent,
443 3480 585 3549 navicula
604 3478 746 3568 Delphus
766 3480 863 3560 vocti,
890 3481 1075 3565 Themidis,
1102 3506 1186 3575 quae
1284 3523 1286 3528 ·

65 3566 194 3637 mmse·
215 3577 319 3634 terrae
339 3566 435 3634 luisse
454 3566 604 3644 traditur,
630 3563 760 3632 oraculo
782 3564 967 3648 audieruut,
994 3567 1228 3637 laumanumao

63 3672 177 3800 penus
195 3672 296 3738 posse
317 3650 462 3733 reverti,
490 3653 523 3717 si
541 3648 767 3716 ossn'mutris
778 3662 859 3750 post
877 3660 980 3740 terga
992 3652 1187 3753 jactarent.

84 3757 103 3800 u

103 3736 286 3804 tellexeruut
310 3733 423 3824 igitur,
454 3748 586 3805 manem
609 3744 741 3799 terrum
762 3734 952 3821 significari,
1003 3759 1097 3838 urppe
1118 3758 1186 3803 um-

67 3820 150 3888 aium
170 3841 277 3888 rerum
297 3821 510 3908 genetricem
532 3844 605 3889 ossa
625 3840 700 3884 vero
722 3817 789 3908 ejus
811 3818 958 3906 lapides.
980 3760 1094 3907 lgrtur
1114 3843 1187 3887 ora-

68 3904 138 3972 culo
168 3903 354 4008 adimpleto,
381 3905 521 3995 lapides,
553 3927 633 4056 spons
662 3902 838 3970 Deucalion
866 3917 940 3992 post
964 3916 1090 3992 tergum
1109 3930 1187 4009 pru-

62 3990 156 4081 jetit,
174 3992 208 4057 in
229 4012 310 4059 siros
332 3995 550 4073 vertebantur3
581 3985 708 4080 apides,
729 4011 809 4077 quus
827 3989 969 4078 Pyrrha,
991 3989 1022 4056 in
1046 3990 1228 4071 femmasas

330 4156 397 4233 7⁴.
450 4158 601 4258 Lycus
632 4166 674 4227 et
707 4149 923 4255 Antiopa.

137 4284 219 4376 Lyci
240 4309 321 4355 uror
339 4285 490 4376 Antiopa,
511 4284 628 4375 Nyctei
648 4282 736 4370 regis
757 4282 830 4363 tilia,
852 4283 893 4349 ab
906 4280 1054 4370 Epapho,
1074 4281 1190 4351 Ixionis

69 4378 101 4435 et
118 4368 207 4440 Juris
231 4385 327 4456 natu,
396 4394 414 4438 r
441 4370 547 4439 dolum
567 4378 727 4457 stuprata,
754 4370 862 4436 aviro
881 4367 975 4456 Lyco
1003 4380 1055 4435 est
1075 4369 1187 4459 ejecta.

70 4452 171 4545 0111111
203 4459 323 4548 pulsam
350 4395 514 4545 lippiten
539 4456 571 4521 in
600 4456 769 4542 Satyrum,
802 4453 848 4519 rel
872 4451 975 4520 otalii
997 4453 1126 4526 dieunt,
1154 4455 1186 4518 in

70 4550 193 4611 laurum
213 4566 336 4625 sersus,
356 4541 559 4634 compressit,
586 4553 619 4607 et
638 4537 802 4626 gravidam
827 4537 913 4606 lecit·
949 4536 1058 4627 laycus
1083 4551 1230 4605 auterno

756 4651 810 4714 7.
