2692 4762
170 234 229 314 90
478 214 661 328 nysae.
686 221 740 299 11.
792 220 998 301 ra-ac

112 374 117 379 Ι
168 408 267 561 lepati
291 407 379 497 pacis
399 400 629 506 caduceatores
656 401 813 479 dicuntur.
867 407 960 477 Sicut
986 410 1069 478 enim
1086 409 1183 500 p‘ert'
1219 413 1229 434 ⁸

169 499 212 563 be
223 497 251 563 la
268 494 503 565 indicebantur,
535 502 579 558 tta
624 512 663 556 ax
683 514 742 578 per
762 491 992 565 caduceatores
1015 499 1124 571 fiebat.
1163 495 1230 590 ‘Ep
1265 504 1281 521 “

170 593 276 651 autem
293 581 422 649 Graece
441 574 566 657 dicitur,
616 576 701 644 atine
721 578 903 667 interpres.

558 737 629 815 Μ.
681 739 906 841 Orpbeus.
1323 814 1325 839 Ι

133 901 152 954 t
253 874 381 963 Apollo,
400 871 467 963 lyra
488 878 640 971 accepta,
661 868 844 956 Orpheum,
865 874 988 960 Oeagri
1012 872 1147 942 flamm!
1164 887 1198 948 et
1220 860 1325 948 ω,

168 961 268 1049 liupes
290 963 402 1027 Musae
423 957 529 1030 filium,
550 954 665 1054 dicitur
686 952 843 1032 docuisse,
864 970 898 1025 et
939 972 1083 1047 ostquam
1104 961 1173 1049 ipse
1194 963 1295 1033 citha.

168 1070 236 1114 tutu
264 1046 398 1122 invonit,
429 1043 528 1133 lyram
559 1040 599 1141 illi
628 1044 834 1107 concessisse.
894 983 957 1108 [llo
986 1056 1091 1110 eutem
1120 1047 1294 1138 theologos

167 1130 245 1211 tuta,
276 1146 309 1201 et
327 1130 419 1218 orgia
442 1127 558 1216 primus
579 1123 720 1196 instituit,
770 1126 814 1194 Et
834 1127 908 1214 quia
938 1127 1098 1198 bominum
1132 1131 1293 1207 feritatem

167 1213 490 1369 mopunndoornposuit
509 1208 723 1361 iuppiprtiipirppfi,
746 1207 860 1363 deicitur
880 1213 1012 1283 arbores
1033 1226 1067 1284 et
1090 1219 1292 1291 amandae
1318 1224 1321 1231 '

125 1325 207 1376 touu
232 1326 281 1369 ren
306 1325 357 1367 um
380 1320 542 1367 commove
721 1320 752 1363 ss

248 1413 329 1483 Erat
349 1423 453 1479 autem
474 1413 533 1563 ipsi
557 1433 620 1477 una
645 1432 684 1476 ex
703 1408 884 1501 Dryadibus
903 1435 993 1495 uxor,
1015 1388 1099 1482 dictu
1114 1416 1168 1486 Eu
1208 1417 1289 1487 dice.

165 1500 258 1575 Quae
291 1497 438 1577 Aristaei,
498 1499 527 1564 lii
561 1495 708 1583 Apollinis
727 1511 760 1564 et
781 1498 924 1586 Cyrenes
951 1499 1136 1589 Nymphae,
1204 1507 1291 1585 enei,

164 1585 300 1653 fluminis
336 1581 540 1685 Thessaliae,
565 1584 673 1685 filine,
688 1664 697 1682 ο
710 1580 837 1685 insidias
860 1582 1001 1670 fugiens,
1040 1599 1222 1692 serpentem
1254 1592 1288 1658 iu

124 1669 861 1903 1,llll)tittdadttss'bnldssfdtt
886 1694 907 1818 ι’
909 1687 1139 1845 ttttat’tt'?
1155 1674 1288 1832 elii?

162 1843 224 1908 rias
247 1843 355 1907 lauces
377 1838 470 1915 adiit,
502 1851 535 1905 et
556 1851 668 1905 cantus
690 1834 856 1904 ducedine
908 1839 959 1906 itis
980 1840 1136 1911 feritatem
1156 1867 1287 1940 permo-

161 1927 221 2004 vit,
242 1927 412 2012 impetrans
432 1923 615 2014 Eurydicen
635 1946 675 1989 ea
696 1932 817 1989 tuntum
838 1924 912 2012 lego
934 1924 992 1991 sibi
1013 1926 1123 2011 reddi,
1151 1942 1187 2006 tlt
1208 1955 1284 2003 cem

160 2015 405 2100 subsequentem
427 2009 652 2097 praecederet,
680 2029 741 2075 neo
759 2006 837 2074 illrus
858 2032 955 2076 causa
979 2010 1076 2079 risum
1095 2024 1180 2082 retro
1201 2018 1282 2083 llec-

160 2108 252 2165 teret.
275 2179 284 2198 ο
307 2093 429 2162 Amoris
466 2108 571 2196 autem
609 2092 803 2196 impatientis
832 2091 927 2196 datae
957 2095 1018 2162 sibi
1035 2096 1125 2186 ,legis
1152 2100 1280 2187 obbtus‚

118 2205 239 2344 ”⁰2:¹35
250 2190 767 2346 flilnsliliilinii'liilis
780 2180 1117 2354 'iiiiii‘bslillil'¹⁹
1141 2182 1281 2259 ‘m

290 2428 360 2505 ab.
422 2420 641 2535 «luppiter
674 2443 715 2509 et
745 2428 891 2509 Aetna
924 2430 1140 2535 Nympha.

241 2562 386 2649 luppiter
406 2564 536 2626 Aetnam
552 2561 732 2651 Nympbanr
752 2558 938 2647 compressit
958 2569 991 2625 et
1010 2559 1173 2647 gravidm
1197 2562 1283 2635 l'eoit.

158 2649 261 2722 Quam
283 2670 378 2734 quum
399 2647 485 2711 luno
507 2660 761 2734 persequeretur,
781 2645 831 2710 illa
852 2646 975 2718 Terrae
995 2645 1170 2733 imploravit
1191 2653 1283 2718 auxi-

115 2734 250 2813 esium,
283 2734 313 2799 in
336 2733 425 2820 cujus
457 2733 542 2798 sinus
575 2745 722 2820 recepta,
757 2731 847 2796 enixa
874 2742 923 2796 est
949 2732 1110 2816 geminos,
1144 2734 1283 2806 necdum

154 2832 247 2936 partu
270 2831 402 2885 maturo.
448 2817 523 2894 Vel,
543 2828 580 2882 ut
599 2818 647 2883 alii
670 2817 788 2890 dicunt,
808 2815 952 2903 luppiter
975 2817 1087 2882 timens
1109 2818 1280 2903 Junoneur,

161 2905 280 2970 l'errue
300 2901 681 2989 commendabutipsam
713 2901 889 2970 secundom
917 2899 1011 2981 ulios,
1043 2916 1168 2988 parturn
1199 2906 1280 2994 ejus.

154 2989 226 3057 llos
250 3004 334 3058 terra
355 2990 436 3059 intra
456 2987 612 3076 gremium
633 3009 724 3057 suum
747 2999 812 3052 tarn
834 2985 888 3055 diu
922 2986 1015 3064 fovit,
1049 2988 1197 3073 nrrnnrdiu
1228 2992 1281 3059 lex

155 3075 237 3140 uteri
257 3073 450 3163 postulabat,
493 3087 656 3160 rosteaque
687 3071 780 3136 enixa
802 3082 860 3138 est
902 3070 996 3136 Unde
1017 3070 1134 3147 Palici,
1169 3073 1201 3138 id
1230 3091 1281 3144 est

112 3157 208 3230 soliis
225 3160 363 3244 geniti,
390 3158 535 3246 appeloti
556 3172 636 3225 sunt.
691 3158 763 3223 Hos
792 3169 896 3223 autem
928 3156 1060 3221 immites
1094 3158 1209 3234 luisse,
1246 3175 1281 3229 et

156 3245 293 3308 lrumano
323 3245 479 3329 sanguine
507 3243 624 3333 placari
654 3253 841 3318 consuetos,
875 3240 979 3306 l'ubula
1008 3241 1197 3319 disserente,
1229 3261 1279 3313 est

152 3329 320 3395 firmatum.
363 3329 482 3393 Postea
503 3327 691 3417 quibusdum
712 3326 811 3398 sacris
832 3328 965 3412 mitigati
986 3339 1076 3405 sunt,
1112 3341 1278 3398 eteorum

151 3415 316 3482 immutato
334 3413 498 3482 sacrificia.

540 3579 608 3654 46.
670 3577 892 3680 Cybele.

109 3737 146 3786 ω
237 3705 362 3797 Cybele
388 3717 490 3773 mater
518 3704 664 3772 deorum¹
688 3704 817 3781 dicitur,
854 3725 937 3851 eptae
967 3703 1073 3769 currui
1101 3706 1275 3794 subjunctis

152 3791 295 3859 leonibus
317 3792 446 3858 rebitur.
489 3791 689 3880 Corybantes
709 3789 824 3856 strictis
842 3787 954 3874 gadiis
970 3789 1104 3855 munitos
1119 3791 1274 3860 ministros

151 3877 287 3954 babere,
320 3889 353 3944 et
373 3878 514 3944 turritum
537 3892 665 3963 gesture
696 3898 844 3941 coronam
874 3874 1011 3958 fingitur.
1066 3873 1145 3941 Ideo
1176 3878 1275 3962 igitur

150 3979 251 4028 mater
271 3963 404 4028 deorum
427 3984 522 4028 curru
539 3963 607 4027 sebi
629 3961 751 4039 dicitur,
773 3961 845 4049 quia
865 3960 934 4049 ipsa
955 3971 1004 4025 est
1022 3974 1115 4038 terra,
1138 3986 1222 4047 quae
1242 3963 1274 4028 iu

150 4055 226 4113 aere
246 4049 456 4137 suspenditur.
501 4047 579 4112 ldeo
601 4045 775 4112 sustinetur
792 4046 886 4123 rotis,
921 4046 995 4130 quia
1024 4045 1159 4113 mundus
1189 4061 1273 4114 rotu-

109 4148 203 4206 eotur
237 4147 270 4200 et
309 4133 484 4199 resolubilis
516 4145 573 4199 est.
630 4131 709 4196 Iden
745 4132 774 4196 ei
802 4130 1036 4219 subjunguntur
1064 4132 1190 4211 leones,
1239 4144 1273 4199 ut

150 4218 354 4298 ostendatur,
387 4230 560 4284 maternam
580 4215 730 4304 pietatem
752 4229 853 4283 totum
875 4237 970 4304 posse
990 4238 1149 4302 supcrore
1193 4216 1271 4283 ldeo
