2640 5130
184 619 265 696 ars
508 623 690 726 usurp.
718 622 789 698 ru.
843 624 883 699 s.
936 624 973 700 r.

187 808 293 898 ipsae,
316 808 433 898 quippe
453 809 484 875 in
506 807 689 876 thesaurum
709 805 909 894 reconditae,
934 827 1088 912 apparete
1108 808 1157 880 rel
1178 810 1307 899 fulgere

187 892 706 1049 tlttlntstl‘tffllttdt
731 892 886 1045 llll?
900 891 1306 1050 tltttstbliltttl

139 1060 145 1069 ’
189 1065 260 1132 liliis
277 1075 312 1132 et
329 1065 411 1166 patri
432 1065 571 1132 caecitas
591 1003 874 1130 dicidurqimmissa.
916 1062 984 1130 Sed
1005 1074 1038 1130 et
1056 1062 1151 1146 ideo,
1173 1078 1209 1134 ut
1230 1068 1307 1134 dicit

164 1149 399 1238 ⁶Fulgentrus‚
419 1147 558 1216 Phineus
579 1170 695 1215 caecus
715 1149 861 1234 fingitur,
887 1147 974 1236 qued
995 1150 1095 1216 omnis
1116 1172 1230 1219 arares
1247 1176 1307 1219 sua

190 1257 252 1301 non
279 1232 373 1315 ridet,
404 1254 464 1299 nec
488 1257 622 1323 usquam
652 1235 780 1301 reeicit
810 1232 933 1304 habita.
966 1232 1042 1301 dum
1071 1257 1198 1326 semper
1229 1249 1307 1324 eget

188 1319 350 1388 habendis.
392 1317 471 1385 ldec
492 1319 653 1407 Harpyiae
674 1318 701 1383 ei
745 1318 849 1407 sejus
869 1318 1011 1407 rapiunt,
1042 1319 1130 1422 quod
1152 1325 1306 1389 tenacitas

188 1427 287 1493 rapax
316 1402 432 1490 aliquid
462 1425 535 1470 eum
564 1403 607 1469 de
634 1424 694 1470 sue
722 1414 944 1491 gustarenon
967 1406 1127 1492 permrttit
1170 1410 1212 1474 At
1232 1431 1306 1474 vero

188 1489 276 1578 qued
297 1488 366 1574 ejus
387 1489 519 1575 prandia
538 1499 680 1555 stercore
698 1487 836 1564 foedant,
857 1488 958 1556 innuit
974 1490 1188 1565 feneratorum
1203 1493 1308 1571 sitam,

149 1575 403 1652 1⁰inornnibus,
424 1586 461 1640 ut
483 1575 597 1662 probat
617 1574 787 1652 Horatius,
807 1573 977 1641 sordidam.
1019 1573 1086 1640 Sed
1108 1598 1164 1643 eas
1188 1598 1210 1643 a
1233 1600 1309 1644 con-

189 1673 302 1749 spectu
316 1679 387 1747 equs
402 1658 499 1725 Zetes
516 1669 549 1725 et
563 1656 670 1725 Calais
691 1659 814 1745 sugant,
857 1659 911 1724 uia
930 1660 1058 1726 Graece
1078 1665 1184 1748 ζητῶν
1204 1659 1309 1731 καλὸν

187 1745 367 1833 inquirens
395 1740 519 1807 donum
549 1742 692 1811 dicimus.
745 1744 790 1809 Hi
821 1682 895 1810 idea
927 1743 1050 1811 volatici
1091 1745 1307 1833 perhibentur,

210 1828 275 1896 ned
295 1827 394 1895 omnis
415 1826 572 1916 inquisitio
592 1829 666 1893 boni
686 1826 820 1895 terrenis
841 1851 1013 1917 numquam
1034 1829 1130 1897 rebus
1147 1832 1306 1899 miscetur.

187 1852 268 1981 ldeo
289 1912 456 2003 Aquilonis·
466 1911 537 1992 filii,
566 1911 652 2001 quod
678 1914 750 1980 beni
778 1914 935 2002 inquisitio
960 1915 1129 2002 spiritualis
1142 1928 1217 1998 est,
1244 1939 1306 1984 non

148 1998 331 2071 aacsrnnlia
373 1999 466 2085 Ergo
487 1998 632 2067 veniente
649 2000 805 2078 bonitate,
837 2000 938 2067 omnis
954 1999 1065 2088 rapina
1083 2000 1225 2102 lugetur.

269 2086 302 2152 7.
343 2085 454 2150 Habet
471 2083 567 2150 etiam
587 2084 712 2164 sabula,
739 2083 924 2172 Neptunum
944 2107 1019 2150 cum
1039 2084 1179 2172 Apolline
1199 2107 1306 2154 naras

186 2168 309 2275 Troiae
329 2169 518 2236 fabricatum
538 2191 619 2237 esse.
662 2167 729 2236 Sed
756 2180 885 2247 *consur
910 2169 1164 2237 Laomedontem
1193 2192 1306 2261 snpra-

189 2255 281 2323 dietrs
303 2253 501 2322 diis-certam
520 2253 644 2322 rosim
663 2254 828 2342 pecaniam
851 2253 893 2322 ad
911 2276 1004 2323 sacra
1024 2254 1180 2338 facienda,
1201 2278 1307 2346 qnam,

188 2339 420 2415 imminentibus
457 2337 618 2419 hostibus,
661 2338 703 2405 ad
741 2360 904 2407 murorum
948 2339 1101 2408 sabrinam
1139 2340 1307 2408 transtultt

146 2424 285 2494 ”Unde
309 2423 352 2489 dii
379 2434 414 2489 et
444 2423 557 2490 secisse
584 2444 693 2491 muros
720 2435 753 2491 et
776 2426 887 2491 offensi
910 2447 981 2494 esse
1001 2423 1159 2492 dicuntur.
1200 2426 1309 2515 Hujus

189 2510 284 2577 etiam
304 2509 384 2575 filius
405 2506 573 2595 Messapus
593 2507 697 2575 dictus
726 2520 793 2590 est,
826 2511 901 2612 quia
929 2530 987 2599 per
1008 2530 1097 2575 mare
1120 2509 1163 2577 ad
1183 2510 1307 2578 Italiam

189 2595 280 2662 venit
329 2592 394 2667 Qui
430 2592 524 2658 etiarn
560 2593 789 2661 invulnerabilis
817 2594 920 2662 dactus
949 2605 1017 2675 est,
1051 2594 1126 2682 quia
1151 2618 1307 2685 nusquam

188 2679 271 2747 bello
290 2677 391 2768 periit
434 2676 530 2751 Quod
546 2700 622 2744 rere
640 2679 808 2744 fluviorum
828 2679 943 2754 dicitur
962 2701 1029 2756 rex,
1051 2700 1144 2746 nemo
1166 2682 1308 2756 miratur,

211 2786 287 2831 nun
306 2775 341 2829 et
359 2761 456 2850 ipsius
476 2784 578 2850 aquae
598 2763 677 2844 sint,
712 2776 745 2830 et
769 2764 800 2828 in
822 2786 956 2850 regnum
978 2765 1062 2853 ejus,
1085 2764 1118 2830 id
1140 2777 1190 2831 est
1209 2788 1308 2839 mare,

146 2858 183 2911 Ι
213 2859 370 2919 emanant.
423 2846 487 2920 Qui
514 2847 587 2913 ideo
623 2871 694 2914 curn
726 2850 875 2916 cornibus
900 2849 1092 2936 pinguntur,
1127 2849 1193 2917 sive
1220 2849 1307 2940 quod

186 2922 344 3351 ζξωι
366 2932 463 2997 boum
483 2931 644 3000 imitantur
665 2955 829 3000 murmure
848 2956 1018 3022 aquarum,
1047 2934 1113 3001 sire
1132 2933 1221 3023 quod
1242 2935 1307 3023 ple-

279 3037 323 3084 ne
354 3015 386 3081 in
418 3035 572 3082 cornuum
602 3015 833 3088 similitudinem
860 3029 1004 3089 cursans
1034 3019 1192 3089 cernimus
1213 3020 1307 3113 ripas,

186 3105 253 3178 alre
271 3111 403 3194 propter
419 3099 573 3188 impetum
591 3123 756 3193 aquarum.

151 3300 243 3425 's
589 3312 630 3393 6.
683 3318 900 3395 Pluto.

146 3454 193 3504 ³0·
274 3445 305 3512 1.
346 3443 503 3519 Quartum
523 3446 653 3514 Saturni
680 3448 777 3514 filium
797 3446 966 3514 Plutonem
985 3446 1101 3514 solunt.
1142 3448 1242 3515 Hunc
1261 3448 1305 3514 ln·

189 3531 330 3598 ferorum
350 3552 367 3596 r
411 3552 479 3610 em,
506 3543 663 3601 terrarum
685 3533 828 3599 videlicet
852 3531 1027 3620 praesulem
1050 3544 1182 3622 ponunt
1223 3534 1306 3623 Eum

189 3617 310 3684 Statius
340 3617 373 3683 in
433 3616 569 3684 hebaids
598 3631 631 3685 et
662 3632 800 3686 satorem
829 3639 935 3684 rerum
965 3630 1057 3684 voest
1085 3629 1120 3683 et
1139 3618 1305 3694 finitorem,

156 3729 158 3732 ·
188 3703 274 3790 qnod
294 3704 451 3784 deterre,
472 3703 524 3769 cui
543 3716 673 3856 praeest
692 3705 798 3779 Pluto,
816 3726 950 3791 corpora
967 3705 1071 3769 omnia
1088 3714 1305 3791 procreentur,

189 3799 222 3853 et
247 3788 279 3852 in
308 3786 443 3855 eandem
470 3799 672 3856 resonantur.
726 3793 879 3864 Illuricae
906 3801 1011 3856 autern
1040 3788 1188 3853 divitiae
1211 3790 1304 3854 inter-

146 3883 338 3960 aepretatur.
379 3870 475 3940 Unde
502 3886 534 3940 et
562 3873 651 3941 aliter
679 3873 757 3952 Dis,
788 3873 821 3940 id
841 3883 902 3940 -est
930 3873 1025 3936 dives
1054 3870 1186 3951 dicitur,
1220 3871 1303 3961 quod

189 3956 333 4025 videlicet
354 3958 400 4025 rel
422 3959 452 4024 in
473 3958 548 4024 solis
569 3961 660 4026 terris
681 3958 806 4026 divitiae
827 3979 899 4024 esse
923 3955 1111 4034 credantur,
1144 3956 1191 4023 rel
1220 3956 1304 4046 quod

187 4042 218 4106 in
240 4041 359 4109 mundo
378 4041 451 4108 nihil
471 4042 593 4110 inferno
615 4045 655 4111 sit
676 4043 778 4110 ditius
820 4042 884 4116 Qui
911 4065 1010 4130 quum
1038 4043 1143 4107 omnia
1164 4045 1304 4132 recipiat,

188 4150 360 4217 numquam
387 4138 492 4194 tamen
520 4139 689 4196 saturatur.
730 4125 810 4193 lnde
838 4138 902 4205 est,
929 4124 1016 4214 quod
1036 4126 1121 4193 idern
1141 4125 1222 4194 deus
1246 4129 1304 4193 Ve-

188 4211 277 4293 dius,
309 4212 342 4279 id
371 4222 419 4280 est
448 4212 562 4277 molere
590 4214 684 4282 deus.
712 4223 745 4280 et
771 4211 913 4299 vajeria,
948 4212 981 4277 id
1003 4224 1053 4278 est
1074 4210 1191 4289 ntalem
1210 4213 1305 4289 Jcris,

147 4295 246 4364 ⁴⁰sed
268 4308 301 4365 et
320 4299 427 4365 Orcus
448 4297 631 4385 appellatur.
672 4292 779 4382 ‘Opxoi
808 4318 878 4364 narn
901 4317 942 4361 ue
971 4297 1099 4362 Graece
1118 4296 1205 4382 juro
1227 4298 1304 4364 dici-

187 4393 257 4463 tur3
287 4383 376 4470 quasi
404 4381 486 4449 enirn
500 4381 590 4472 jurat
614 4391 647 4446 et
668 4381 821 4457 affirmat,
849 4318 964 4446 adllam
986 4404 1021 4447 se
1041 4381 1217 4448 animarum
1237 4384 1304 4451 sine

187 4468 338 4554 supplicio
367 4477 400 4535 et
431 4467 573 4533 examine
602 4465 810 4532 dimissurum.
852 4463 1038 4531 Secundum
1067 4465 1208 4531 Tullium
1230 4479 1303 4535 vero

186 4551 260 4618 ideo
284 4551 378 4623 Pluto
397 4550 483 4620 dives
504 4549 635 4624 dicitur.
663 4548 750 4637 quod
770 4551 802 4617 in
823 4557 925 4617 terres
946 4548 1089 4616 recidant
1118 4562 1150 4617 et
1178 4550 1221 4617 de
1241 4564 1304 4620 ter-

187 4636 229 4704 ris
250 4639 391 4709 oriantur
408 4637 563 4708 universa.
605 4635 763 4707 Tenebris
791 4634 1001 4706 aeternalibus
1023 4634 1097 4704 ideo
1121 4633 1303 4725 deputatur,
