2640 5130
333 537 514 644 nynia.
539 541 611 617 m.
666 541 705 616 ι.
758 542 798 618 ι.
1050 540 1131 619 aaa

72 745 124 790 ore
149 722 259 791 dieunt
289 720 486 790 intabuisse'
525 722 736 812 Eandemque
771 724 858 814 ajunt
891 745 983 792 usam
1019 746 1130 793 serrae

71 808 201 897 perisse.
252 807 329 876 Fuit
356 820 461 875 autem
492 817 526 876 et
556 808 609 875 hic
635 822 779 891 venator,
818 808 871 899 qui
902 810 977 878 item
997 830 1129 898 gravem

72 895 139 961 atui
176 893 315 961 laborem
355 893 578 1044 minimumpue
616 893 752 963 fructum
784 896 889 962 inesse
922 917 991 962 com
1005 897 1127 998 osricus,

72 981 896 1154 t‘t'i‘tiltt‘tnt‘tt„stitit,‚ttttt
914 981 1152 1132 tansitis

72 1150 217 1227 undavit,
249 1161 281 1217 et
310 1147 523 1236 agriculturae
560 1172 580 1213 o
603 1171 690 1218 aram
722 1150 907 1240 impendens
932 1152 965 1216 ia
983 1173 1032 1218 ea
1053 1151 1128 1242 Jugi

72 1255 121 1301 ›re
149 1255 249 1322 usque
276 1232 318 1300 ad
347 1234 480 1300 maciem
510 1255 567 1323 per
592 1247 682 1303 uetus
710 1250 769 1302 est.
806 1235 913 1303 'Unde
932 1247 966 1303 et
985 1247 1128 1317 matrem,

72 1333 115 1386 est
132 1330 268 1400 terram,
289 1319 425 1385 omnium
447 1319 659 1405 genetricem,
689 1319 804 1389 dicitur
831 1319 991 1388 amavisse.
1033 1322 1129 1389 Haec

75 1427 106 1470 m
126 1403 306 1507 Polpcarpe
326 1404 412 1472 diota
432 1415 490 1482 est,
512 1402 598 1492 quod
619 1405 724 1470 molti
741 1403 882 1492 fractura
896 1405 1126 1496 interpretetur

72 1511 117 1554 ra
153 1512 234 1556 emm
272 1490 392 1556 fructus
426 1498 515 1554 creat
549 1489 718 1556 universos.
782 1491 865 1565 Quia
894 1512 969 1557 rero
1002 1490 1168 1559 cunctisto

72 1572 209 1640 uteribus
230 1572 271 1639 de
289 1573 439 1662 pristinae
468 1573 543 1641 artis
572 1574 743 1663 opprobrio
765 1572 967 1659 detrahebat,
994 1598 1126 1658 serram,

72 1671 112 1725 est
129 1658 385 1744 maliloquium,
419 1658 548 1745 fingitur
574 1660 735 1728 invenisse.

93 1745 124 1809 l.
164 1742 299 1809 Dianam
330 1744 424 1810 etiam
458 1765 478 1809 a
506 1744 634 1824 diesve,
674 1743 760 1831 qnod
789 1755 862 1808 rete
891 1745 1126 1834 interpretatur,

72 1840 199 1918 tyanam
219 1849 444 1916 nuncupamus,
465 1826 630 1918 eidemque
655 1852 725 1895 cum
747 1829 871 1915 sagittis
891 1852 984 1897 arcus
1002 1829 1126 1910 dumus,

72 1924 286 1992 tvenatores,
321 1913 434 2002 quibus
462 1927 606 2002 praeest,
643 1913 690 1980 his
713 1926 849 1981 utuntur.
891 1914 988 1988 Quod
1009 1937 1082 1981 vero
1104 1930 1165 1983 ate

72 1996 317 2065 themiditatem
348 1998 441 2064 rebus
470 2001 635 2086 provenire
656 1999 808 2076 diximus,
844 1999 936 2065 Remi
962 2000 983 2065 'i
1001 2001 1125 2069 ridetur

72 2084 197 2151 toritute
216 2082 342 2148 firmari.
384 2083 508 2150 Globus
528 2085 629 2155 enim,
649 2082 765 2172 inquit,
785 2084 878 2149 lunae
898 2022 991 2153 seila
1010 2107 1124 2174 speon-

92 2190 131 2234 er
154 2188 229 2233 rore
250 2179 396 2235 constare
428 2166 551 2234 dicitur.
604 2167 698 2234 Unde
726 2181 758 2236 et
785 2169 966 2236 humoribus
997 2183 1126 2258 praeest

73 2263 257 2340 susceptum
298 2252 371 2319 solis
401 2252 598 2341 splendorem
635 2254 809 2334 revibrare,
851 2252 884 2318 id
914 2266 963 2324 est
987 2253 1124 2321 reddere

72 2348 123 2404 at
176 2337 302 2404 Dicitur
329 2349 363 2405 et
386 2337 479 2404 Luna
516 2339 642 2405 sistrum
671 2337 789 2405 habere
819 2350 951 2426 propter
974 2354 976 2359 '
989 2340 1165 2429 primumto

72 2423 185 2489 adanae
204 2422 384 2489 barmoniae
411 2435 538 2502 tonum,
572 2424 626 2511 qui
655 2446 673 2488 a
705 2437 791 2490 terra
819 2445 921 2512 usque
948 2423 990 2491 ad
1019 2425 1123 2494 lunam

116 2507 179 2574 Est
199 2519 304 2574 autem
326 2508 450 2574 sistram
471 2530 574 2597 genus
597 2508 693 2576 tubae
715 2509 761 2574 vel
783 2509 913 2595 organi,
945 2532 1008 2598 quo
1030 2522 1123 2577 utun-

80 2602 201 2659 tantum
221 2593 385 2682 aegyptti,
413 2596 501 2682 quod
517 2594 549 2660 in
564 2591 730 2660 simulacro
750 2591 842 2674 Isidis
863 2594 1012 2682 pingitur.
1062 2595 1124 2662 Est

72 2699 112 2742 em
138 2676 216 2756 isis,
248 2690 287 2744 ιιι
314 2680 360 2745 ait
379 2678 524 2759 Servius,
559 2678 680 2744 Genius
701 2678 853 2767 Aegypti,
888 2681 941 2768 qui
963 2701 1020 2768 per
1039 2679 1122 2747 sistri
1182 2717 1187 2728 .

73 2783 147 2840 arn,
173 2762 273 2849 ,quod
299 2761 331 2827 in
364 2760 476 2830 dextra
505 2762 604 2852 gerit,
639 2762 702 2830 Nili
736 2785 884 2830 accessus
913 2775 946 2830 et
976 2783 1163 2833 necessasia

72 2844 183 2925 idean
203 2867 261 2936 per
280 2845 403 2914 situlam
423 2870 515 2927 vero,
545 2869 639 2938 qnam
657 2848 689 2912 in
706 2850 828 2915 sinistra
847 2859 952 2928 tenet,
983 2849 1121 2918 omnium

72 2952 189 2998 marum
211 2932 373 2999 fluentiam
393 2932 537 3001 ostendit
578 2935 663 2998 Sane
683 2933 741 3000 Isis
761 2934 867 3022 lingua
894 2935 1122 3024 Aegyptiorum

72 3029 175 3093 aest,
211 3041 305 3105 qnam
333 3028 366 3084 et
392 3017 456 3085 Isin
485 3041 556 3086 esse
575 3018 689 3084 volunt.
743 3018 798 3085 Alii
820 3033 924 3086 tamen
951 3042 1022 3087 eam
1042 3041 1122 3086 aava

72 3099 208 3167 Graecia
231 3101 411 3182 advectam,
443 3105 474 3168 in
494 3107 639 3205 Aegypto
661 3125 813 3190 regnasse
827 3105 1008 3186 perhibent,
1043 3126 1122 3170 ean-

72 3208 143 3274 tque
163 3185 283 3255 litteras
303 3186 514 3276 Aegyptiacus
546 3209 677 3274 prunam
704 3186 908 3255 adinvenisse.
951 3191 995 3255 Ut
1014 3200 1163 3257 antemna
1256 3229 1260 3239 ·

72 3271 233 3360 superiora
255 3293 470 3353 recurramus,
494 3294 552 3361 per
573 3271 753 3360 conjuginm
771 3274 913 3340 Plutonis
935 3285 968 3342 et
986 3274 1122 3342 Proser·

72 3378 100 3422 re
127 3367 234 3424 terrae
259 3368 294 3425 et
322 3356 462 3424 humoris
489 3360 518 3423 ei
550 3357 645 3425 innati
678 3359 812 3425 nonnulli
840 3357 1016 3446 intelligunt
1045 3381 1122 3425 con·

72 3442 182 3507 ionem.
241 3441 308 3509 Per
336 3441 504 3511 Plutonem
537 3442 618 3508 enim
651 3454 755 3522 tarra,
801 3445 851 3510 eui
877 3455 1022 3530 praeest,
1062 3463 1123 3533 per

72 3526 231 3616 serpinam
251 3527 365 3596 bamur
383 3538 499 3594 terram
521 3526 692 3594 fecundans
706 3529 919 3614 significatum
953 3549 1054 3616 quae,
1087 3539 1123 3595 ut

72 3622 109 3692 rt,
150 3613 232 3677 bene
267 3612 459 3700 Proserpina
493 3614 582 3698 quasi
616 3613 841 3698 proserpendo
875 3621 962 3676 nato
994 3612 1163 3694 diciturne

71 3696 92 3763 d
122 3695 238 3764 humor
263 3719 323 3786 per
351 3696 465 3765 herbas
486 3698 533 3761 rel
554 3697 684 3762 arbores
705 3697 1123 3765 crescentes·insensibiliter
1229 3749 1230 3752 ,

72 3795 158 3850 terra
177 3794 292 3873 surgat
312 3795 346 3850 et
365 3783 402 3851 iis
430 3784 654 3849 incrementum
687 3782 836 3849 conterat.
886 3781 981 3854 Quod
1012 3785 1124 3863 Ceres,

72 3864 173 3932 edea
194 3884 244 3936 est
263 3867 410 3955 frugum,
432 3868 655 3956 Proserpinam
677 3889 829 3951 quaerere
849 3865 980 3944 dicitur,
1002 3869 1135 3955 fruges,

72 3952 253 4040 perhibent,
285 3954 443 4040 significat
474 3952 587 4018 nimiae
615 3953 762 4018 siccitatis
788 3966 933 4038 tempore
961 3953 1124 4019 humorem

75 4035 199 4103 derare.
248 4036 346 4112 Quod
366 4038 587 4125 Proserpinam
606 4043 721 4124 poetae
740 4036 871 4103 Junonis
892 4058 1168 4129 nonnumquamto

72 4134 197 4189 arantur
231 4124 376 4198 nomine,
408 4147 427 4188 a
453 4123 633 4190 Stoicorum
654 4120 806 4207 dogmate
826 4122 1030 4190 descendisse
1047 4123 1124 4188 diei-

72 4233 95 4284 ι,
116 4209 190 4295 qui,
211 4219 362 4297 utsupra
381 4209 632 4285 memoravimus,
652 4230 747 4272 unum
764 4231 836 4274 esse
855 4208 950 4273 deum
967 4205 1125 4284 dixerunt,

79 4295 207 4360 nomina
229 4294 387 4359 sanantur
415 4315 473 4380 pro
502 4293 625 4359 actibus
652 4304 685 4358 et
704 4293 826 4361 officiis.
879 4291 972 4358 Unde
992 4314 1125 4381 superos

72 4403 86 4445 s
118 4391 153 4445 et
181 4379 300 4445 inferos
334 4376 447 4445 iisdem
474 4398 601 4465 quoque
632 4378 792 4445 vocabulis
823 4377 1034 4465 appellamus,
1076 4389 1126 4444 nt:

72 4466 138 4529 roni
173 4464 335 4546 infernae
364 4463 480 4546 dictae
515 4484 632 4536 sacer,
664 4461 696 4527 id
729 4477 778 4529 est
814 4463 1033 4550 Proserpinae.
1084 4462 1169 4533 Erre

72 4550 97 4613 i:
140 4550 287 4612 Sacram
309 4545 387 4613 Jove·
412 4546 553 4636 Stygio,
586 4545 619 4612 id
643 4561 691 4615 est
712 4547 849 4616 Plutoni.
