2640 5130
164 600 245 681 aaa
443 599 626 703 usurp.
653 602 724 676 ιιι.
778 601 817 675 ι.
869 601 1010 678 s-a.

163 782 241 856 altus
269 801 327 872 per
355 777 584 863 duodennium,
613 791 649 849 ut
672 781 835 871 Juppiter,
870 783 1003 851 circulos
1029 805 1104 850 suos
1137 794 1282 872 pertran-

164 876 270 968 seant,
297 867 454 935 Saturnus
473 864 569 935 XXX
588 889 687 935 annos
708 869 739 935 iu
761 866 869 937 circuli
892 871 941 938 sui
961 868 1185 960 peragratione
1206 891 1282 934 con-

165 965 268 1019 sumit.

166 1120 174 1136 ι
247 1039 278 1102 d.
305 1037 517 1138 §emmaum
536 1030 729 1138 depingunt,
751 1037 825 1125 quia
846 1036 928 1107 sicut
947 1047 1114 1141 senerest
1135 1059 1155 1103 a
1176 1035 1282 1139 palere

141 1119 529 1294 iiiiiinisiiiiiui
542 1120 1283 1297 diditi,'tllttllltt‘llgttltil

164 1291 365 1369 existimatur.
406 1289 480 1357 Nec
500 1289 629 1370 mirum,
663 1313 759 1379 quum
780 1314 799 1358 a
821 1292 905 1373 sole,
935 1316 953 1358 a
981 1317 1045 1382 quo
1074 1292 1173 1359 omnis
1195 1291 1283 1357 calor

164 1376 328 1464 procedit,
363 1373 406 1442 sit
429 1376 655 1458 remotissima,
691 1398 787 1464 quum
813 1378 854 1444 sit
882 1378 971 1467 aquis
998 1378 1281 1466 supercaelestibus

165 1462 283 1540 vicina,
311 1471 345 1527 et
365 1482 462 1562 quum
481 1460 514 1527 io
541 1460 640 1547 signis
660 1462 889 1539 remotissimis,
919 1486 1002 1565 quae
1022 1488 1041 1530 a
1059 1463 1209 1550 temporis
1231 1465 1281 1529 sui

125 1546 283 1615 waflectu
311 1543 428 1632 lrigrde
456 1561 640 1624 censentur,
680 1547 809 1633 aquario
848 1547 991 1616 videlicet
1022 1559 1055 1615 et
1084 1550 1281 1634 capricorno,

165 1628 319 1698 domicilia
345 1653 404 1697 sua
433 1629 565 1713 habeat3
593 1630 625 1696 in
652 1633 781 1719 quibus,
820 1633 941 1700 etiamsi
969 1656 1042 1701 cum
1071 1633 1138 1698 sole
1158 1633 1281 1722 positus

165 1716 276 1796 fucrit,
318 1713 535 1803 gravissimam
565 1727 670 1783 tamen
701 1719 791 1783 nobis
827 1716 952 1806 frigoris
991 1715 1153 1785 uredinem
1183 1732 1281 1784 creat

167 1802 251 1868 Sunt
275 1811 380 1868 tamen
410 1799 464 1888 qui
485 1811 645 1878 asserant,
674 1824 745 1870 eum
778 1824 838 1868 non
861 1826 898 1868 ex
920 1826 976 1870 sua
996 1804 1126 1878 umbra,
1159 1802 1216 1867 sed
1238 1805 1281 1868 ab

164 1885 282 1954 effectu
304 1885 342 1951 iri
368 1882 455 1952 idum
474 1885 666 1974 nuncupari,
718 1887 780 1953 uod
803 1910 859 1954 sua
881 1887 1023 1956 videlicet
1046 1887 1281 1954 constellatione

123 1970 323 2038 recontraria
342 1909 484 2039 iosuae
500 1982 624 2037 enecet
711 1972 792 2041 ortui
819 1996 893 2039 vero
924 1974 1030 2062 frigidi
1061 1984 1142 2040 sunt.
1184 1972 1281 2047 Quod

73 2110 75 2115 .
162 2056 190 2123 si
210 2078 321 2123 >rmum
339 2067 405 2136 est,
443 2076 505 2122 uon
533 2055 704 2143 improprie
733 2080 830 2125 senex
857 2059 1003 2147 fingitur,
1044 2079 1140 2147 quum
1169 2079 1281 2123 senum

162 2142 220 2222 sit,
253 2143 345 2209 morti
366 2148 492 2229 semper
510 2162 581 2207 esse
602 2141 726 2209 ricinos.
770 2142 919 2230 Frigidus
949 2157 1054 2210 tamen
1081 2166 1100 2208 a
1127 2143 1281 2209 nonnullis

162 2249 202 2293 eo
223 2238 363 2306 tantum,
388 2224 474 2314 quod
496 2246 614 2293 nocens
632 2228 687 2303 sit,
719 2226 823 2295 dictus
844 2241 901 2295 est.
943 2228 1037 2305 Quod
1069 2239 1175 2294 autem
1198 2225 1278 2311 fri-

158 2309 267 2399 gidus
285 2333 345 2398 pro
365 2332 487 2376 nocens
506 2324 660 2412 ponatur,
682 2311 781 2382 innuit
799 2314 936 2381 Servius.
966 2316 1003 2382 Io
1017 2313 1146 2400 Virgilio
1171 2334 1278 2378 exem-

121 2395 249 2484 suplum
269 2396 386 2478 hahes,
413 2394 467 2461 ubi
487 2408 545 2462 art:

225 2479 290 2546 Fri
317 2481 415 2557 idus,
432 2503 452 2544 o
497 2479 574 2545 ueri
588 2475 714 2567 sugite
731 2480 834 2545 ltine!
860 2481 947 2547 lutet
967 2482 1098 2569 ongrsis
1113 2480 1152 2545 in
1164 2479 1281 2547 herba.

161 2566 270 2631 Senex
288 2503 426 2716 deripuc
449 2503 496 2630 οὗ
510 2563 575 2630 lroc
594 2586 722 2651 quoque
743 2588 803 2630 non
824 2567 1002 2669 incongrue
1021 2567 1124 2632 dictus
1144 2566 1280 2646 ridetur,

183 2647 247 2716 uod
266 2650 348 2718 sicut
380 2647 540 2735 rigiditate
559 2658 593 2715 et
612 2648 744 2715 humore
764 2651 976 2754 phlegmauco
996 2674 1035 2718 ex
1051 2663 1165 2718 natura
1179 2652 1279 2719 abun-

161 2673 240 2802 daut
267 2756 378 2816 senes,
418 2735 462 2801 ita
492 2742 571 2801 eta
603 2734 717 2819 signis,
760 2758 946 2824 capricorno
969 2751 1002 2806 et
1024 2737 1172 2824 aquario,
1210 2736 1280 2826 qul-

120 2821 222 2886 osum
241 2829 368 2908 praeest
385 2819 558 2897 Saturnus,
589 2819 690 2906 frigus
712 2820 801 2887 nobis
826 2833 860 2889 et
879 2822 1017 2909 pluuias,
1055 2822 1214 2888 mensibus
1235 2817 1278 2886 ri-

161 2906 278 2975 delicet
296 2905 447 2973 Januario
467 2916 500 2973 et
519 2902 712 2984 Februario,
743 2906 907 2994 provenire
928 2907 1077 2975 sentimus
1099 2906 1187 2973 annis
1216 2906 1279 2972 sin-

162 2990 256 3094 gulis.
309 2991 486 3092 Propterea
500 3012 646 3141 ‘puoque
684 2990 819 3059 eundem
854 3015 967 3059 canum
998 2993 1149 3081 pingunt,
1191 2990 1279 3078 quod

186 3096 289 3142 rumas
309 3088 344 3144 et
363 3097 448 3142 mres
468 3076 510 3140 ibr
535 3098 585 3142 em
605 3097 717 3142 creare
734 3098 798 3142 non
817 3074 986 3145 dubitetur.
1029 3077 1137 3165 Caput
1157 3087 1280 3143 tectum

162 3100 276 3236 iabet,
297 3172 333 3229 ut
352 3173 513 3250 tamquam
533 3183 631 3228 senex
651 3172 685 3228 et
705 3161 824 3249 frigens
843 3175 953 3228 contra
975 3161 1075 3248 frigus
1097 3185 1133 3227 se
1155 3161 1279 3227 munire

119 3261 196 3316 soet
217 3269 275 3312 nos
296 3244 403 3315 itidem
424 3245 595 3328 admonere
616 3256 749 3335 putetur.
793 3247 916 3313 Glauco
937 3248 1053 3314 amictu
1073 3245 1166 3328 ideo,
1188 3245 1276 3335 quod

160 3354 300 3422 aquosae
323 3332 370 3398 rel
389 3330 526 3419 frigidae
546 3344 596 3401 est
613 3342 744 3398 naturae
762 3331 850 3399 stella
870 3333 946 3422 ejus.

245 3421 277 3484 5.
318 3416 364 3483 Ut
383 3430 488 3484 autem
512 3414 553 3482 ad
575 3418 706 3484 aliorum
728 3427 923 3484 transeamus
945 3412 1185 3494 enodationem,
1218 3413 1280 3479 Sa·

160 3518 287 3570 turnum
314 3503 409 3569 etiam
429 3500 603 3590 philosophi
630 3497 788 3588 infigura
816 3502 964 3591 temporis
985 3501 1161 3588 accipiente
1192 3495 1279 3564 unde

161 3604 194 3654 et
214 3591 342 3654 Graece
363 3610 435 3654 eum
458 3581 609 3674 Κρόνον,
636 3587 668 3653 id
691 3601 738 3654 est
759 3598 908 3674 tempus,
937 3584 1101 3676 appellant
1142 3583 1230 3650 Hinc
1243 3594 1278 3650 et

118 3672 296 3741 ssnonnulti
321 3682 418 3760 caput
447 3672 514 3760 ejus
537 3675 579 3738 ob
599 3675 662 3742 hoc
688 3685 806 3742 tectum
829 3687 989 3751 asserunt,
1022 3667 1108 3760 quod
1132 3669 1277 3757 ignotum

158 3758 199 3825 sit
219 3757 369 3846 temporis
389 3756 584 3845 principium.
625 3757 745 3824 ldeoa
774 3756 837 3823 filio
859 3760 981 3847 pulsum
1010 3780 1098 3835 esse,
1132 3754 1204 3856 quia
1225 3775 1278 3819 se-

158 3864 259 3930 quens
275 3853 416 3929 tempus,
449 3842 536 3929 duod
557 3842 788 3931 quodammodo
811 3865 848 3909 ex
880 3841 1093 3932 praecedente
1121 3839 1275 3926 gignitur,

157 3927 362 3996 succedendo
381 3929 585 4015 praeteritum
606 3928 707 4017 pellat„
750 3926 818 3994 Sed
845 3940 879 3995 et
906 3928 977 3993 Ter
999 3951 1020 3993 a
1042 3926 1176 3991 Graecis
1197 3922 1276 3988 dici-

159 4025 228 4093 tur,
262 4013 335 4099 quia
355 4011 440 4100 apud
460 4034 516 4078 eos
537 4007 564 4081 τ’
587 4025 745 4095 trecenta,
767 4015 784 4080 s'
803 4012 950 4114 quinque,
970 4009 995 4091 ξ’
1015 4011 1077 4078 LX
1099 4008 1276 4111 significan

117 4105 193 4166 toet
214 4097 284 4180 hio,
314 4110 350 4164 ut
370 4098 505 4185 probant
526 4101 752 4186 computistae,
788 4096 909 4164 dierum
932 4099 1027 4165 totius
1048 4118 1120 4160 anni
1147 4105 1197 4161 est
1217 4113 1277 4156 nu-

33 4259 38 4267 ,
159 4206 273 4250 merus.
308 4183 388 4249 'l'ex
410 4181 504 4250 etiam
524 4184 698 4248 conradens
725 4184 789 4249 sire
816 4206 1016 4247 consumens
1035 4183 1277 4268 interpretatur;

158 4267 297 4336 undeet
326 4267 406 4335 filios
431 4289 508 4334 suos
541 4267 656 4334 dicitur
680 4267 857 4335 devorasse
912 4267 1007 4342 Quod
1036 4264 1107 4331 ideo
1134 4263 1276 4349 tingitur,

137 4354 231 4441 ,quia
252 4365 392 4442 tempus,
421 4374 640 4452 quaecumque
660 4351 781 4438 gignit,
812 4351 921 4439 genita
942 4350 1106 4419 consumit
1157 4345 1275 4414 Omnia

117 4461 294 4600 45¹¹&qu
314 4437 753 4611 ἓᾞοοῗωΐὲιυτῗιίῑῖῑεαιιυιιοιξὲ
769 4451 1031 4611 spuuppppptquos
1052 4535 1176 4612 tempus
1196 4539 1274 4608 pro-

158 4607 262 4690 ducit,
290 4608 373 4676 lalco
392 4617 566 4690 metuntur,
594 4609 659 4676 sire
679 4605 783 4699 qood,
811 4618 847 4676 ut
867 4607 1133 4696 supradiximus,
1156 4606 1276 4695 primus
