2640 5130
172 587 228 674 ae
466 593 663 700 ,nyuop
697 596 759 673 n:
804 595 1011 676 ata—nn.

170 781 271 849 ineisa
291 781 425 863 arbore,
445 803 506 849 ros
530 780 684 870 erumpit,
704 793 737 850 ot
751 783 882 885 sangnis
903 782 1066 870 manao:
1089 784 1318 938 vipprultoruui

171 880 277 935 nutem
307 880 341 935 et
366 870 500 945 tlorunr,
537 866 709 955 Napaeae;
741 867 893 950 sontium,
925 866 1087 959 Nnjades3
1147 870 1313 955 uminum,

171 951 393 1034 Potame'ides3
420 952 516 1019 maris
545 974 639 1031 reru,
671 950 838 1020 Nereides.
887 952 971 1023 Sunt
1003 970 1109 1023 autern
1137 939 1318 1065 quaedam}

170 1036 252 1103 (leae
271 1037 411 1127 topicae,
442 1038 476 1103 id
503 1046 553 1104 est
571 1035 707 1117 locales,
747 1060 830 1127 quae
858 1032 900 1103 ad
923 1037 988 1127 plia
1014 1039 1085 1109 loca
1107 1063 1170 1107 non
1192 1053 1297 1111 unus·

146 1138 265 1202 neunt,
293 1137 332 1190 ut
360 1122 517 1202 Mariua,
551 1119 611 1187 den
633 1122 756 1189 litorum
777 1123 1057 1205 Minturnensium,
1088 1124 1172 1193 'uxta
1193 1110 1318 1197 Lirinl

170 1208 298 1274 llrrviurn
321 1206 472 1274 habitans.
514 1206 611 1281 Quod
632 1220 737 1275 autern
759 1213 875 1296 poetae
896 1207 1044 1277 invocent
1063 1150 1191 1291 lliusns,
1212 1194 1318 1324 boene]

170 1307 220 1360 est
241 1292 337 1372 ratio,
358 1290 462 1378 quod,
492 1291 665 1358 seeundum
688 1292 880 1371 Varronem,
914 1293 1003 1382 ipsae
1024 1307 1097 1362 sunt
1114 1295 1315 1384 Nymphae,

170 1401 253 1463 quae
282 1389 315 1446 et
348 1377 468 1444 Musae.
524 1377 610 1442 Sane
642 1375 822 1457 sciendum,
859 1377 945 1464 quod
975 1376 1059 1445 idem
1093 1380 1193 1445 Varro
1225 1365 1318 1450 tres*

170 1475 290 1531 urntum
312 1485 383 1529 esse
403 1473 575 1543 memorat3
596 1483 707 1541 unarn,
735 1484 819 1550 quae
840 1485 879 1528 ex
900 1484 1004 1550 aquae
1026 1464 1165 1531 nascitur
1186 1479 1291 1548 motu3

129 1547 318 1625 miseram,
350 1568 432 1635 quae
456 1545 537 1612 airis
564 1547 630 1616 ictu
658 1568 755 1615 sonos
776 1546 891 1629 efficit;
925 1547 1068 1631 tertiam,
1100 1571 1184 1638 qnae
1204 1573 1293 1629 ruera

167 1645 288 1753 tautum
311 1655 393 1700 voce·
410 1629 562 1723 consistit.

533 1793 599 1870 51.
660 1791 927 1871 Astraeus.

249 1929 418 2004 Astraeus,
452 1945 533 1994 uuus
564 1921 619 1991 ‹le'
636 1923 821 2004 Titanibus,
884 1922 917 1989 ui
948 1931 1059 1991 contra
1087 1920 1166 1991 deos
1201 1945 1292 1994 arma

168 2016 361 2080 sumserunt.
395 2032 467 2079 cum
496 2013 619 2077 Aurora
640 2010 818 2076 concubuit.
902 2007 965 2075 nde
999 2009 1067 2077 nati·
1089 2021 1164 2077 sunt
1195 2011 1291 2091 renti,

128 2095 254 2246 “lli
277 2095 563 2249 lullumli
577 2107 681 2248 itit
688 2115 837 2245 litt}
853 2095 1300 2248 'iurltbntbilllt

144 2205 224 2334 riis
246 2205 410 2334 lentoruiu
431 2288 518 2348 esse,
548 2286 722 2355 eorumque
744 2227 882 2332 latorem
906 2285 966 2331 suo
994 2263 1125 2352 imperio
1154 2263 1290 2333 frenare.

549 2444 619 2520 52.
678 2443 900 2521 Aeolus.

250 2575 382 2651 Aeolus,
425 2574 586 2666 Hippotae
613 2572 713 2653 filius,
745 2594 802 2640 rex
829 2571 1006 2639 insularum
1039 2597 1181 2653 norem,
1204 2597 1288 2662 quaa

125 2669 241 2727 uoaunt
268 2672 342 2747 post
370 2658 485 2726 fretum
513 2658 656 2739 Siciliae,
691 2680 774 2747 quae
804 2658 846 2725 ab
867 2679 906 2723 eo
927 2656 1072 2723 Aeoliae
1092 2658 1289 2749 appellantur

166 2743 260 2829 (licet
281 2757 313 2811 et
344 2743 471 2832 propria
494 2745 618 2821 nornine
639 2741 812 2827 babeant),
846 2765 865 2807 a
886 2740 1005 2807 nebulis
1027 2754 1060 2809 et
1081 2745 1167 2810 fumo
1193 2745 1234 2810 V
1230 2745 1288 2809 ul-

165 2829 288 2893 cnm'rse
310 2827 464 2907 insulae,
490 2827 645 2918 praedixit
665 2829 770 2894 lutura
790 2826 892 2894 flabra
913 2839 1096 2911 ventorum
1124 2829 1209 2896 unde
1229 2829 1288 2895 irn-

166 2912 272 3000 peritis
313 2912 395 2978 visos
432 2925 481 2981 est
507 2926 625 2980 rentos
657 2935 715 2981 sua
774 2923 909 2980 otestate
936 2913 1080 2978 retinere
1135 2915 1287 2999 Pingitur

166 3003 300 3085 bamque
321 3018 341 3063 a
361 2997 463 3085 politis
485 3021 541 3066 rex
558 3011 720 3066 ventorum
745 2936 850 3063 lirisse.
901 2996 1028 3071 Dicitur
1048 3008 1153 3065 autem
1176 3012 1285 3067 uentos

122 3095 266 3152 usantro
279 3081 420 3164 frenare,
441 3078 516 3174 quia
536 3105 676 3152 concava
695 3082 766 3152 loca
786 3081 880 3172 plena
898 3093 973 3151 sunt
992 3082 1100 3149 ventis

531 3275 599 3352 55.
667 3279 918 3352 Titanes.

244 3403 368 3474 Ferunt
390 3403 531 3483 subulae,
556 3404 692 3470 uenam
712 3403 788 3484 diis,
807 3402 893 3492 quod
915 3425 984 3470 eam
1006 3404 1149 3473 babitare
1170 3405 1290 3492 dedig-'

163 3488 228 3554 nati
239 3498 345 3593 sunt,
367 3489 497 3595 irptarn,
530 3489 682 3592 Titanas,
714 3491 765 3593 qui
789 3503 821 3555 et
841 3489 999 3593 §figentes
1021 3490 1185 3570 dicuntur,
1216 3514 1283 3592 ser3

120 3572 1204 3741 atitillnlllftabl?bit,‘llnlil'ltbtlsslttin
1220 3579 1284 3725 ill

163 3744 307 3832 deosque
334 3745 377 3812 ad
406 3758 528 3812 terram·
554 3746 757 3812 substernere
791 3744 937 3832 aggressi
972 3758 1054 3810 sunt.
1106 3746 1167 3819 Qui
1195 3684 1283 3810 lisois

162 3828 348 3907 fulminibus,
370 3830 561 3920 objectuque
581 3853 599 3894 a
621 3830 760 3896 Minerva
789 3831 965 3915 Gorgonae
984 3829 1096 3916 ,capitis
1125 3831 1283 3918 prostrati,

162 3913 236 3981 duci
258 3915 367 3980 eorum
391 3914 505 3981 Atlanti
525 3914 603 3980 eaeli
623 3937 722 3980 onere
743 3917 783 3980 irn
809 3914 908 3991 osito,
936 3913 995 4000 ipsi
1017 3928 1171 3980 terrarum
1195 3914 1283 3979 moli-

162 4000 223 4067 bus
244 4000 349 4066 obruti
372 4011 453 4068 suut.
495 4002 639 4074 Quorum
661 4001 754 4066 etiarn
774 3937 972 4071 binceladua‚
1004 4000 1056 4087 qui
1079 4012 1110 4065 et
1131 3999 1282 4065 Briareus

119 4085 229 4153 unsire
248 4091 400 4171 Aegaeon
423 4084 553 4162 dieitur,
582 4082 703 4152 ardenti
731 4089 849 4151 Aetnae
877 4086 1074 4171 suppositus,
1106 4083 1212 4150 adhuc
1232 4105 1283 4150 ar-

164 4168 257 4235 dere.
277 4169 422 4256 latusque
442 4167 592 4236 rnutnndo
613 4182 711 4236 totam
734 4171 870 4236 Siciliam
893 4170 1119 4244 tremefacere,
1144 4169 1283 4255 lumique

162 4276 279 4344 vapore
300 4254 458 4343 complere
480 4256 602 4320 dieitur.
645 4255 789 4334 Revera,
824 4254 881 4320 nisi
911 4276 994 4342 quae
1022 4252 1064 4319 de
1092 4254 1283 4340 Gigantibus

163 4338 307 4427 legimus,
329 4339 472 4407 fabulose
492 4341 674 4429 accipimus,
698 4341 776 4409 ratio
800 4361 862 4405 non
885 4336 1038 4427 procedit.
1080 4339 1163 4405 Narn
1187 4362 1283 4426 quum

162 4424 193 4489 in
216 4424 373 4527 Phlegra,
408 4424 594 4492 Thessaliae
615 4424 705 4504 loco,
736 4447 778 4514 pu
806 4447 898 4491 nasse
926 4424 1087 4502 dieantur,
1122 4423 1284 4511 quomodo

121 4509 206 4582 toln
223 4508 333 4576 Sicilia
360 4507 559 4582 Enceladus,
591 4511 675 4587 Otus
702 4509 734 4575 in
799 4521 885 4586 reta,
918 4508 1092 4576 seeundum
1114 4508 1285 4575 Salustium

146 4591 365 4682 'wude-Otii
386 4594 530 4684 campi),
551 4594 726 4684 Typhoeus
746 4594 778 4661 in
792 4594 977 4685 Campania,
998 4594 1173 4681 (Inarime
1188 4592 1285 4660 Jovia
