2640 5130
147 579 226 654 rso
444 579 626 681 uyuoffr.
652 578 704 653 n.
759 576 852 654 sss.
880 577 973 654 sss.

147 779 179 835 et
199 763 374 844 Helenam,
396 761 439 830 de
458 763 612 853 'syndaro
633 762 801 845 Oratorem
817 765 997 853 progenuit.
1025 764 1138 832 Pollux
1154 779 1274 847 autem,

146 850 498 938 iraterne'computiens
517 846 716 926 mortalitati,
745 847 865 917 inferos
893 873 953 940 pro
978 851 1076 918 fraus
1095 851 1270 918 alternatim

147 934 331 1039 subeundo,
361 957 435 1002 eum
458 933 582 1038 interitu
605 930 738 1001 redemit
758 934 885 1036 vicario:
927 938 1017 1011 Quos
1038 958 1097 1086 pru
1120 941 1273 1039 pnnnimi-

121 1018 974 1192 ,stomacharentur„tntum
990 1035 1273 1210 ,extum

146 1190 283 1259 ditionis.
338 1190 429 1267 Quos
466 1187 598 1256 alterum
630 1211 689 1290 pro
722 1189 821 1256 altero
852 1212 961 1257 manes
989 1193 1123 1258 vicissim
1156 1191 1273 1259 adiisse

146 1277 288 1365 lingitur,
308 1272 397 1365 quod
420 1295 530 1341 eorum
550 1270 659 1340 stellae
680 1285 724 1341 tta
745 1286 818 1342 sunt
837 1276 1036 1357 constitutae,
1059 1291 1093 1344 ut
1105 1276 1276 1345 occidente

147 1383 228 1441 una,
261 1360 381 1464 oriatur
412 1358 519 1462 alteru.
561 1358 706 1460 'l'empuor
734 1372 858 1462 eutem,
888 1361 975 1448 quod
1003 1363 1078 1464 ipsa⁴
1093 1361 1273 1443 duraverat,

110 1445 323 1622 „iiiiii
336 1442 1275 1631 ‘titt„tlt'titillttnitlliit'ttulit?

150 1615 242 1685 banis
271 1614 453 1690 dimicasse,
489 1615 595 1701 ubique
626 1611 838 1682 dimicantium
867 1616 945 1682 lilios
972 1617 1114 1705 Trojano
1148 1618 1271 1684 excidio

149 1701 338 1770 interfuisse.
374 1700 467 1787 Ergo
480 1699 507 1764 si
519 1697 700 1765 immortalis
713 1699 837 1766 Helena
852 1722 913 1767 non
933 1702 1051 1781 luisset,
1074 1714 1121 1769 tot
1135 1704 1203 1770 sine
1213 1703 1272 1768 du-

150 1787 204 1855 bio
224 1785 357 1854 saeculis
379 1783 496 1850 durare
516 1805 578 1850 non
601 1783 761 1871 potuisset.
802 1785 898 1852 Hauc
919 1809 1071 1875 namque,
1093 1788 1273 1879 priusquam

151 1870 296 1938 Menelao
317 1871 470 1949 nuberet,
498 1890 518 1935 a
541 1866 673 1936 Theseo
694 1868 827 1954 legimus
849 1883 991 1960 raptam,
1022 1884 1055 1938 et
1073 1872 1106 1937 in
1124 1875 1273 1963 Aegypto

92 1957 273 2031 ⁴ttProtec
294 1979 367 2023 esse
390 1951 649 2022 commendatam.
690 1954 793 2057 Cujus
813 1955 920 2038 stella,
941 1957 1060 2023 Urania
1080 1956 1184 2039 dicta,
1206 1983 1273 2026 ma-

151 2041 215 2111 lum
244 2040 428 2146 perhibetur
455 2060 569 2105 curare
596 2051 630 2108 et
660 2061 746 2107 naus
774 2062 837 2106 nme
862 2042 1072 2131 pertrrndere,
1104 2053 1193 2112 tanto
1223 2047 1272 2112 in-

151 2125 256 2196 cendis
282 2127 424 2215 flagrans
453 2122 584 2202 ardore,
616 2135 652 2192 ut
679 2145 734 2191 aas
765 2124 828 2192 hoc
852 2125 989 2195 solvatur
1009 2127 1124 2194 calore.
1167 2132 1273 2206 Quam

151 2234 248 2367 popm
270 2225 386 2280 nautae
406 2209 475 2278 uari
498 2207 685 2290 inridentem
714 2209 932 2296 considerant,
961 2235 999 2281 se
1023 2213 1180 2304 periturus
1207 2239 1271 2284 non

175 2299 305 2371 aiunt
566 2299 569 2304 ’

110 2498 147 2547 20
256 2426 260 2432 .
355 2455 450 2562 135,
501 2460 710 2536 Theseus
744 2469 788 2534 et
821 2460 1069 2537 Pirithous.

233 2585 382 2653 'Pheneos
403 2597 436 2655 et
457 2584 637 2666 Pirithous,
666 2607 748 2653 unus
770 2585 811 2652 de
831 2587 992 2677 Lapithis,
1021 2589 1104 2658 lacta
1124 2590 1269 2679 conjura·

151 2669 254 2749 tione,
286 2670 363 2738 filies
384 2671 470 2738 luris
492 2694 606 2738 uxores
631 2669 767 2749 ducere,
788 2672 918 2738 Theseo
938 2673 1109 2751 Helenam,
1129 2674 1215 2742 loris
1236 2691 1270 2746 et

151 2753 265 2823 bedae
284 2755 394 2835 filiam,
417 2755 523 2823 adhuc
544 2778 669 2845 parram
692 2769 880 2845 rapuerunt,
902 2759 977 2824 etin
991 2764 1135 2850 Aegypto
1150 2761 1270 2829 Proteo

153 2841 459 2909 commendaverunt.
501 2843 607 2917 Quum
637 2854 760 2922 autem,
789 2865 871 2929 quae
894 2843 1038 2912 Pirithoo
1060 2845 1269 2934 copularetur,

62 3007 66 3012 ⁵
110 2946 217 3002 anon
243 2925 431 3004 invenirent,
461 2927 735 3015 conspiraverunt,
764 2939 799 2992 ut
826 2942 955 3016 propter
975 2929 1199 3018 Proserpinam
1219 2954 1271 2998 ra-

153 3007 301 3099 piendam
334 3011 452 3080 inferos
486 3011 618 3082 adirent.
678 3012 751 3086 Quo
788 3010 890 3088 sacto,
926 3013 1041 3081 ibidem
1075 3015 1272 3105 deprehensi,

190 3095 722 3271 thtltllittllt‘ltttl
748 3095 1271 3273 ,it“ttt‘35¹tilttsstntl

154 3287 229 3355 pars
259 3269 300 3334 ah
328 3265 469 3334 Hercule
495 3266 647 3355 decerpta
684 3256 935 3335 abstrahereturs
977 3268 1043 3336 Sed
1073 3286 1183 3339 contra
1202 3240 1273 3339 virs

113 3351 265 3439 „oghiust
303 3352 422 3430 Sedet,
445 3364 689 3442 aeternumque
712 3349 841 3418 sedebit
861 3352 990 3440 infelix
1017 3353 1175 3425 theseos.
1218 3359 1274 3429 sta

155 3435 338 3532 plerumque
359 3459 379 3504 a
399 3437 502 3532 poitis
522 3436 679 3504 variamur
701 3435 833 3505 fabulae.

474 3600 567 3683 154.
619 3599 835 3696 Athamas
872 3630 961 3679 rex.

239 3730 387 3803 Athamas
408 3754 483 3811 rex,
499 3731 586 3800 Aeoli
606 3730 704 3808 lilius,
724 3730 853 3797 Crethei
874 3731 981 3808 irater,
1003 3752 1132 3797 uxorem
1147 3732 1275 3800 Nubem

159 3815 206 3883 rel
226 3816 390 3906 Nephelen
420 3831 563 3889 vocatam
595 3816 719 3894 hnbuit,
760 3815 802 3881 de
829 3838 892 3903 qua
922 3816 1073 3883 Phrixum
1102 3835 1135 3885 et
1162 3819 1277 3887 Hellen

115 3903 574 4054 “tttttinitffltill
588 3901 1279 4056 ‚lth‘⁸tttt”{tmilt‘ittti'iiiii-'t

158 4011 306 4139 amausi
340 4037 525 4174 supehduxit
551 4094 736 4149 novercam,
768 4070 898 4137 Inonem
929 4037 1159 4158 nuncupatim
1196 4097 1281 4162 quae

158 4157 314 4223 novercali
336 4157 410 4222 odiu
432 4158 539 4245 pueris
569 4157 697 4226 exitium
730 4155 932 4239 machinans,
968 4169 1147 4225 matronaus
1180 4161 1280 4246 petiit,

158 4253 194 4309 ut
210 4242 366 4310 frumenta
387 4242 523 4309 serenda
539 4251 787 4328 corrumperent
836 4242 909 4314 Quo
943 4241 1048 4320 lactu,
1083 4243 1182 4313 furnes
1211 4257 1283 4313 orta

117 4337 217 4398 soest
260 4329 366 4402 Quum
402 4340 507 4395 autem
540 4326 582 4394 ad
609 4325 780 4415 Apollinem
810 4326 988 4396 consultum
1008 4328 1116 4394 civitas
1137 4329 1283 4409 misisset,

160 4410 217 4476 luo
246 4434 337 4490 eum,
366 4413 419 4500 qui
445 4413 558 4479 minus
589 4423 676 4486 erat,
711 4420 746 4475 nt
767 4408 918 4493 referret,
945 4415 987 4483 ah
1006 4413 1134 4479 oraculo
1154 4414 1283 4494 dictum,

161 4493 390 4582 Nubirfilios
411 4496 648 4563 immolandos.
687 4494 761 4583 lpse
783 4517 919 4584 tumque
939 4496 1058 4568 dictum
1083 4501 1208 4579 habuit',
1227 4524 1286 4567 eos

161 4581 317 4650 tramenta
351 4581 537 4650 incendisse.
598 4580 697 4649 Pater
735 4600 811 4648 sero
846 4581 960 4653 tusus
992 4586 1097 4674 populi
1129 4585 1290 4668 iuvidiam,¹
