2640 5130
369 576 548 681 nnana.
575 577 607 651 1.
661 572 863 687 ιιι-ιι.
1131 574 1184 665 ra

49 764 280 839 absconditum
321 762 421 833 iniraa
463 762 546 831 intra
590 772 768 829 extructum
806 759 977 851 parietem,
1016 784 1037 850 p
1111 782 1185 830 uarn

222 863 272 931 nt,
305 849 439 938 'l'rojam
474 869 547 914 ease
583 848 763 936 perituram.
817 844 915 923 Quod
949 859 1062 936 postea
1125 846 1184 914 ello

48 879 274 1009 himnorum
292 933 411 1002 dicitur
429 930 570 1001 Fimbria
591 931 719 1019 quidam
739 933 904 1004 Romanua
934 931 1094 1000 inventum
1117 933 1184 998 vin-

50 1026 200 1102 mmoe,
233 1019 323 1112 quod
340 1019 478 1085 Romam
498 1027 623 1085 constat
641 1016 819 1084 advectum.
860 1017 906 1085 Et
925 1039 1021 1105 quum
1050 1041 1182 1121 reapon-

52 1133 126 1177 amn
147 1108 277 1187 suiraet,
306 1104 370 1172 illic
389 1104 431 1171 im
455 1103 554 1168 erium
580 1102 668 1176 lore,
700 1102 754 1169 ubi
775 1113 808 1170 et
826 1100 1011 1190 palladium,
1042 1101 1206 1174 adhrbitoo

53 1193 215 1262 hlamurio
235 1191 349 1270 fabro,
380 1211 411 1255 m
444 1199 477 1255 ta
496 1184 607 1254 similia
627 1187 711 1254 lacta
730 1199 814 1254 aunt
855 1186 1077 1255 Verumtamen
1102 1211 1182 1277 cog-

54 1281 157 1347 nitum
188 1277 304 1346 hastae
336 1272 563 1361 oculorumque
602 1271 765 1340 nobilitate
799 1281 849 1338 eat
884 1272 927 1339 ab
960 1294 1025 1338 una
1060 1285 1183 1342 tontum

55 1361 237 1433 sacerdote.
277 1359 398 1427 Dicant
417 1380 495 1426 rane
515 1356 583 1437 aiii,
610 1378 705 1423 onum
726 1355 925 1424 simulacrum
946 1357 1034 1424 caelo
1059 1356 1182 1447 lapsum

55 1474 73 1515 a
120 1447 305 1515 dhthenaa
323 1455 444 1513 tantum
481 1441 587 1508 suinae.
627 1441 687 1510 Alii
706 1441 770 1510 duo
791 1440 916 1527 volunt3
943 1441 1026 1525 hoc,
1055 1441 1181 1535 dequo

226 1809 294 1889 dl.
345 1807 657 1888 Andromache
687 1818 730 1883 et
762 1808 1012 1887 llloloaaus.

144 1960 395 2034 Comuetudinia
427 1963 539 2053 rogiae
571 1962 648 2042 luit,
680 1973 717 2031 ut
751 1959 922 2050 legitimam
952 1986 1083 2031 uxorem
1119 1985 1183 2030 non

60 2050 232 2130 hahentea,
253 2048 406 2138 aliquam,
423 2047 496 2116 iicet
516 2050 688 2138 captivam,
717 2057 824 2114 tamen
846 2070 905 2135 pro
925 2047 955 2115 le
979 2049 1065 2117 ‘tima
1084 2047 1183 2115 hahe-

60 2148 150 2216 rent;
178 2132 263 2204 adeo
282 2145 320 2202 ut
339 2133 428 2200 liberi
447 2156 486 2201 ex
506 2133 577 2223 ipsa
596 2131 660 2201 nati
677 2131 906 2200 'succederent
972 2148 1067 2224 taque
1100 2135 1183 2223 Pyr·

60 2222 137 2289 rhus
217 2220 312 2288 tiram
332 2216 572 2286 Andromachen
609 2215 675 2286 uaai
690 2215 860 2305 legitimam
883 2218 1000 2295 hahuit,
1031 2230 1064 2287 et
1083 2240 1122 2285 en
1143 2242 1225 2296 eale

61 2307 158 2373 filiun
219 2304 360 2373 oloaaum
385 2325 479 2372 ansae
501 2304 535 2373 it
584 2242 703 2371 hosam
732 2325 829 2392 quum
862 2303 954 2372 vellet
976 2303 1182 2389 Hermionen,

61 2389 199 2459 Menelai
231 2400 265 2459 et
299 2387 443 2456 Helenae
499 2390 579 2468 'am,
615 2386 723 2457 omri
755 2388 823 2478 jam
850 2400 925 2456 ante
952 2389 1185 2479 desponsatam,

63 2476 185 2544 ducere
201 2495 350 2553 uxorem,
381 2474 505 2543 Orestia
530 2471 650 2543 inaidiia
669 2473 701 2540 in
722 2473 839 2564 templo
863 2473 1010 2563 Delphici
1036 2474 1184 2565 Apollinia

64 2562 189 2629 occiana
223 2569 282 2630 eat.
337 2559 455 2627 Verum
488 2559 624 2627 moriens
661 2559 841 2649 praecepit,
884 2571 921 2626 ut
953 2559 1184 2641 Andromache,

63 2669 146 2736 quae
177 2644 264 2734 apud
290 2666 364 2711 eum
392 2643 536 2733 conjugia
567 2642 672 2712 locnm
703 2655 865 2723 tenuerat,
901 2645 1026 2712 Heleno
1054 2645 1226 2721 dareturao

64 2728 938 2918 liil‘iiaii‘iimitoliioi'i‘ressn'i'iliiiii
969 2731 1184 2905 lilith?

362 2864 374 2895 i
941 2864 950 2896 i
1169 2859 1184 2871 ⁸

66 2898 1184 3075 ffll³srtnt⁰⁰clt¹tttnltttttltrltintlll

67 3072 179 3227 m
200 3068 372 3174 occidiam,
405 3069 633 3140 Chaoniam
654 3070 839 3156 nominavit,
869 3070 958 3161 quari
976 3074 1018 3146 ad
1039 3072 1225 3148 solatiumao

190 3168 328 3225 maneta

459 3371 528 3448 42.
580 3375 786 3451 Sirenes.

146 3530 295 3607 Sirenes,
316 3524 491 3597 secundom
512 3525 648 3596 fabulam
668 3539 751 3610 tres,
801 3539 869 3598 arte
889 3529 1026 3620 virginea
1048 3529 1185 3609 luerunt,

68 3628 157 3768 m
187 3615 349 3692 volucres,
384 3611 514 3681 Acheloi
541 3612 676 3681 fluminio
704 3627 737 3682 et
795 3614 921 3703 alliopes
952 3617 1063 3684 Muaae
1092 3618 1184 3685 filiae.

158 3724 189 3769 ιιι
210 3723 276 3768 una
296 3720 392 3779 voce,
419 3699 518 3766 altera
539 3698 637 3775 tibiis,
665 3699 725 3766 alia
748 3697 814 3787 lyra
835 3703 979 3771 canebat
1019 3703 1064 3771 Et
1106 3705 1226 3777 rimoso

64 3783 151 3873 jutta
171 3786 342 3866 Pelorum,
370 3796 444 3872 post
461 3784 493 3849 in
521 3784 655 3871 Capreis
688 3785 924 3866 habitaverunt,
958 3810 1042 3877 quae
1067 3726 1185 3856 illector

68 3894 125 3938 roo
160 3885 259 3939 cantu
287 3871 319 3936 in
353 3869 520 3956 naufragia
551 3868 761 3938 deducebant
812 3870 997 3939 Secundum
1023 3875 1186 3941 veritatem

68 3958 248 4025 meretdcea
278 3955 424 4036 luerunt,
459 3976 542 4042 qnae
572 3965 769 4024 transeuntes
804 3957 952 4044 quoniam
984 3957 1187 4025 deducebant

68 4041 106 4109 ad
123 4054 325 4130 egestatem,
357 4038 405 4105 hia
425 4040 521 4106 fictae
540 4050 613 4106 aunt
632 4039 750 4110 inferre
771 4042 948 4131 naufragia.
988 4045 1059 4112 Han
1079 4043 1184 4112 Ulixes

67 4123 296 4200 contemnendo
319 4123 448 4192 deduxit
467 4123 511 4192 ad
530 4136 674 4194 mortem.
1191 4143 1228 4192 aa

304 4374 371 4452 423.
425 4377 584 4454 Venus
622 4388 665 4451 et
700 4378 940 4481 Pasiphae.

146 4512 339 4584 indicatoa
365 4512 442 4580 Sola
471 4511 624 4579 adulterio
651 4512 762 4581 Martis
789 4527 822 4581 et
849 4515 1013 4598 Veneria„
1026 4513 1184 4581 Vulcanus

68 4599 276 4670 morianna
304 4599 422 4666 catania
447 4598 596 4666 lectulum
626 4599 739 4680 cinxit,
767 4600 882 4686 quihus
914 4602 998 4669 Mara
1023 4612 1056 4667 et
1080 4602 1186 4668 Vanus
