<?xml version="1.0" encoding="UTF-8"?>
<!DOCTYPE html PUBLIC "-//W3C//DTD XHTML 1.0 Transitional//EN"
    "http://www.w3.org/TR/xhtml1/DTD/xhtml1-transitional.dtd">
<html xmlns="http://www.w3.org/1999/xhtml" xml:lang="en" lang="en">
 <head>
  <title>
</title>
<meta http-equiv="Content-Type" content="text/html;charset=utf-8" />
  <meta name='ocr-system' content='tesseract 3.04.00' />
  <meta name='ocr-capabilities' content='ocr_page ocr_carea ocr_par ocr_line ocrx_word'/>
</head>
<body>
  <div class='ocr_page' id='page_1' title='image "./scriptoresrerum00bodegoog_0204.png"; bbox 0 0 2640 5130; ppageno 0'>
   <div class='ocr_carea' id='block_1_1' title="bbox 145 633 992 738">
    <p class='ocr_par' dir='ltr' id='par_1_1' title="bbox 145 633 992 738">
     <span class='ocr_line' id='line_1_1' title="bbox 145 633 992 738; baseline -0.005 -26"><span class='ocrx_word' id='word_1_1' title='bbox 145 635 224 712; x_wconf 77' lang='lat' dir='ltr'>sco</span> <span class='ocrx_word' id='word_1_2' title='bbox 415 636 595 738; x_wconf 63' lang='lat' dir='ltr'>uyuogr.</span> <span class='ocrx_word' id='word_1_3' title='bbox 632 636 703 710; x_wconf 91' lang='lat' dir='ltr'>m.</span> <span class='ocrx_word' id='word_1_4' title='bbox 757 634 796 712; x_wconf 84' lang='lat' dir='ltr'>a.</span> <span class='ocrx_word' id='word_1_5' title='bbox 848 633 992 710; x_wconf 81' lang='lat' dir='ltr'>r-a.</span> 
     </span>
    </p>
   </div>
   <div class='ocr_carea' id='block_1_2' title="bbox 39 813 1269 4741">
    <p class='ocr_par' dir='ltr' id='par_1_2' title="bbox 39 813 1269 4741">
     <span class='ocr_line' id='line_1_2' title="bbox 146 813 1267 910; baseline -0.001 -24"><span class='ocrx_word' id='word_1_6' title='bbox 146 819 234 907; x_wconf 80' lang='lat' dir='ltr'>quod</span> <span class='ocrx_word' id='word_1_7' title='bbox 254 819 433 910; x_wconf 87' lang='lat' dir='ltr'>perenuiter</span> <span class='ocrx_word' id='word_1_8' title='bbox 453 817 640 886; x_wconf 87' lang='lat' dir='ltr'>duraturum</span> <span class='ocrx_word' id='word_1_9' title='bbox 661 826 727 898; x_wconf 65' lang='grc' dir='ltr'>θεὶς</span> <span class='ocrx_word' id='word_1_10' title='bbox 747 837 810 883; x_wconf 92' lang='lat' dir='ltr'>nou</span> <span class='ocrx_word' id='word_1_11' title='bbox 831 813 922 897; x_wconf 88' lang='lat' dir='ltr'>illud,</span> <span class='ocrx_word' id='word_1_12' title='bbox 946 814 1034 905; x_wconf 91' lang='lat' dir='ltr'>quod</span> <span class='ocrx_word' id='word_1_13' title='bbox 1054 819 1267 886; x_wconf 88' lang='lat' dir='ltr'>transitorium</span> 
     </span>
     <span class='ocr_line' id='line_1_3' title="bbox 148 901 1268 990; baseline 0 -20"><span class='ocrx_word' id='word_1_14' title='bbox 148 919 205 973; x_wconf 58' lang='lat' dir='ltr'>est.</span> <span class='ocrx_word' id='word_1_15' title='bbox 233 906 263 972; x_wconf 85' lang='lat' dir='ltr'>L</span> <span class='ocrx_word' id='word_1_16' title='bbox 309 907 370 972; x_wconf 91' lang='lat' dir='ltr'>itur</span> <span class='ocrx_word' id='word_1_17' title='bbox 391 916 496 973; x_wconf 88' lang='lat' dir='ltr'>sutem</span> <span class='ocrx_word' id='word_1_18' title='bbox 518 916 551 973; x_wconf 93' lang='lat' dir='ltr'>et</span> <span class='ocrx_word' id='word_1_19' title='bbox 571 904 602 968; x_wconf 90' lang='lat' dir='ltr'>in</span> <span class='ocrx_word' id='word_1_20' title='bbox 617 903 757 983; x_wconf 88' lang='lat' dir='ltr'>historia,</span> <span class='ocrx_word' id='word_1_21' title='bbox 777 901 917 968; x_wconf 77' lang='lat' dir='ltr'>Ixionem</span> <span class='ocrx_word' id='word_1_22' title='bbox 933 902 1067 990; x_wconf 89' lang='lat' dir='ltr'>primum</span> <span class='ocrx_word' id='word_1_23' title='bbox 1081 903 1114 969; x_wconf 93' lang='lat' dir='ltr'>in</span> <span class='ocrx_word' id='word_1_24' title='bbox 1127 905 1268 970; x_wconf 80' lang='lat' dir='ltr'>Graecia</span> 
     </span>
     <span class='ocr_line' id='line_1_4' title="bbox 146 987 1267 1078; baseline 0 -22"><span class='ocrx_word' id='word_1_25' title='bbox 146 990 239 1076; x_wconf 79' lang='lat' dir='ltr'>regni</span> <span class='ocrx_word' id='word_1_26' title='bbox 268 991 404 1078; x_wconf 83' lang='lat' dir='ltr'>goriam</span> <span class='ocrx_word' id='word_1_27' title='bbox 432 991 618 1069; x_wconf 80' lang='lat' dir='ltr'>affectasse3</span> <span class='ocrx_word' id='word_1_28' title='bbox 657 987 711 1075; x_wconf 87' lang='lat' dir='ltr'>qui</span> <span class='ocrx_word' id='word_1_29' title='bbox 745 987 804 1053; x_wconf 90' lang='lat' dir='ltr'>sibi</span> <span class='ocrx_word' id='word_1_30' title='bbox 839 996 966 1053; x_wconf 87' lang='lat' dir='ltr'>centum</span> <span class='ocrx_word' id='word_1_31' title='bbox 997 989 1118 1077; x_wconf 80' lang='lat' dir='ltr'>equites</span> <span class='ocrx_word' id='word_1_32' title='bbox 1147 991 1267 1078; x_wconf 90' lang='lat' dir='ltr'>primus</span> 
     </span>
     <span class='ocr_line' id='line_1_5' title="bbox 95 1071 1267 1163; baseline 0 -23"><span class='ocrx_word' id='word_1_33' title='bbox 95 1158 103 1163; x_wconf 19' lang='grc'>1</span> <span class='ocrx_word' id='word_1_34' title='bbox 148 1076 285 1140; x_wconf 86' lang='lat' dir='ltr'>omnium</span> <span class='ocrx_word' id='word_1_35' title='bbox 319 1074 511 1163; x_wconf 80' lang='lat' dir='ltr'>conquisivit</span> <span class='ocrx_word' id='word_1_36' title='bbox 560 1071 656 1142; x_wconf 87' lang='lat' dir='ltr'>Unde</span> <span class='ocrx_word' id='word_1_37' title='bbox 687 1084 721 1139; x_wconf 92' lang='lat' dir='ltr'>et</span> <span class='ocrx_word' id='word_1_38' title='bbox 752 1071 906 1139; x_wconf 75' lang='lat' dir='ltr'>Centauri</span> <span class='ocrx_word' id='word_1_39' title='bbox 937 1071 1014 1141; x_wconf 88' lang='lat' dir='ltr'>dicti</span> <span class='ocrx_word' id='word_1_40' title='bbox 1043 1085 1134 1153; x_wconf 90' lang='lat' dir='ltr'>sunt,</span> <span class='ocrx_word' id='word_1_41' title='bbox 1160 1076 1267 1162; x_wconf 85' lang='lat' dir='ltr'>¹qnasi</span> 
     </span>
     <span class='ocr_line' id='line_1_6' title="bbox 122 1158 1268 1246; baseline 0.001 -21"><span class='ocrx_word' id='word_1_42' title='bbox 122 1167 284 1225; x_wconf 66' lang='lat' dir='ltr'>tuentum</span> <span class='ocrx_word' id='word_1_43' title='bbox 303 1159 445 1226; x_wconf 73' lang='lat' dir='ltr'>arctati.</span> <span class='ocrx_word' id='word_1_44' title='bbox 487 1158 519 1225; x_wconf 88' lang='lat' dir='ltr'>ls</span> <span class='ocrx_word' id='word_1_45' title='bbox 548 1158 647 1245; x_wconf 78' lang='lat' dir='ltr'>igitur</span> <span class='ocrx_word' id='word_1_46' title='bbox 678 1179 773 1245; x_wconf 82' lang='lat' dir='ltr'>parvo</span> <span class='ocrx_word' id='word_1_47' title='bbox 794 1168 938 1246; x_wconf 89' lang='lat' dir='ltr'>tempore</span> <span class='ocrx_word' id='word_1_48' title='bbox 952 1158 1102 1233; x_wconf 56' lang='lat' dir='ltr'>,celeriter</span> <span class='ocrx_word' id='word_1_49' title='bbox 1128 1179 1268 1246; x_wconf 78' lang='lat' dir='ltr'>regnum</span> 
     </span>
     <span class='ocr_line' id='line_1_7' title="bbox 148 1241 1268 1331; baseline 0 -21"><span class='ocrx_word' id='word_1_50' title='bbox 148 1243 301 1331; x_wconf 87' lang='lat' dir='ltr'>adeptus,</span> <span class='ocrx_word' id='word_1_51' title='bbox 333 1242 449 1310; x_wconf 86' lang='lat' dir='ltr'>dehinc</span> <span class='ocrx_word' id='word_1_52' title='bbox 479 1264 581 1331; x_wconf 76' lang='lat' dir='ltr'>regno</span> <span class='ocrx_word' id='word_1_53' title='bbox 611 1243 759 1331; x_wconf 82' lang='lat' dir='ltr'>expulsus</span> <span class='ocrx_word' id='word_1_54' title='bbox 787 1251 844 1308; x_wconf 88' lang='lat' dir='ltr'>est</span> <span class='ocrx_word' id='word_1_55' title='bbox 887 1241 967 1309; x_wconf 90' lang='lat' dir='ltr'>Inde</span> <span class='ocrx_word' id='word_1_56' title='bbox 987 1244 1081 1310; x_wconf 86' lang='lat' dir='ltr'>etiarn</span> <span class='ocrx_word' id='word_1_57' title='bbox 1103 1241 1146 1309; x_wconf 89' lang='lat' dir='ltr'>ad</span> <span class='ocrx_word' id='word_1_58' title='bbox 1164 1257 1268 1311; x_wconf 85' lang='lat' dir='ltr'>rotam</span> 
     </span>
     <span class='ocr_line' id='line_1_8' title="bbox 128 1326 1269 1432; baseline 0.003 -38"><span class='ocrx_word' id='word_1_59' title='bbox 128 1327 313 1403; x_wconf 63' lang='lat' dir='ltr'>&#39;damnatus</span> <span class='ocrx_word' id='word_1_60' title='bbox 344 1328 477 1408; x_wconf 89' lang='lat' dir='ltr'>dicitnr,</span> <span class='ocrx_word' id='word_1_61' title='bbox 510 1326 597 1432; x_wconf 79' lang='lat' dir='ltr'>quod</span> <span class='ocrx_word' id='word_1_62' title='bbox 627 1339 717 1394; x_wconf 89' lang='lat' dir='ltr'>rotae</span> <span class='ocrx_word' id='word_1_63' title='bbox 744 1328 868 1414; x_wconf 77' lang='lat' dir='ltr'>vertigo</span> <span class='ocrx_word' id='word_1_64' title='bbox 894 1349 978 1416; x_wconf 88' lang='lat' dir='ltr'>quae</span> <span class='ocrx_word' id='word_1_65' title='bbox 1005 1329 1170 1417; x_wconf 90' lang='lat' dir='ltr'>superiora</span> <span class='ocrx_word' id='word_1_66' title='bbox 1194 1341 1269 1397; x_wconf 91' lang='lat' dir='ltr'>sunt</span> 
     </span>
     <span class='ocr_line' id='line_1_9' title="bbox 147 1411 1268 1501; baseline -0.001 -20"><span class='ocrx_word' id='word_1_67' title='bbox 147 1413 251 1481; x_wconf 89' lang='lat' dir='ltr'>statim</span> <span class='ocrx_word' id='word_1_68' title='bbox 271 1411 385 1501; x_wconf 77' lang='lat' dir='ltr'>dejicit.</span> <span class='ocrx_word' id='word_1_69' title='bbox 427 1412 551 1488; x_wconf 82' lang='lat' dir='ltr'>Quam</span> <span class='ocrx_word' id='word_1_70' title='bbox 572 1434 609 1478; x_wconf 89' lang='lat' dir='ltr'>re</span> <span class='ocrx_word' id='word_1_71' title='bbox 633 1411 828 1487; x_wconf 76' lang='lat' dir='ltr'>ostenditur,</span> <span class='ocrx_word' id='word_1_72' title='bbox 857 1411 945 1501; x_wconf 84' lang='lat' dir='ltr'>quod</span> <span class='ocrx_word' id='word_1_73' title='bbox 969 1414 1023 1500; x_wconf 86' lang='lat' dir='ltr'>qui</span> <span class='ocrx_word' id='word_1_74' title='bbox 1044 1434 1102 1501; x_wconf 92' lang='lat' dir='ltr'>per</span> <span class='ocrx_word' id='word_1_75' title='bbox 1123 1436 1211 1480; x_wconf 84' lang='lat' dir='ltr'>arma</span> <span class='ocrx_word' id='word_1_76' title='bbox 1233 1425 1268 1480; x_wconf 91' lang='lat' dir='ltr'>et</span> 
     </span>
     <span class='ocr_line' id='line_1_10' title="bbox 148 1497 1267 1587; baseline 0.004 -27"><span class='ocrx_word' id='word_1_77' title='bbox 148 1497 323 1565; x_wconf 83' lang='lat' dir='ltr'>violentiam</span> <span class='ocrx_word' id='word_1_78' title='bbox 353 1519 488 1587; x_wconf 81' lang='lat' dir='ltr'>regnum</span> <span class='ocrx_word' id='word_1_79' title='bbox 524 1499 691 1577; x_wconf 81' lang='lat' dir='ltr'>affectant,</span> <span class='ocrx_word' id='word_1_80' title='bbox 748 1498 852 1571; x_wconf 78' lang='lat' dir='ltr'>subito</span> <span class='ocrx_word' id='word_1_81' title='bbox 893 1498 1053 1565; x_wconf 78' lang='lat' dir='ltr'>elevantur</span> <span class='ocrx_word' id='word_1_82' title='bbox 1092 1510 1125 1565; x_wconf 90' lang='lat' dir='ltr'>et</span> <span class='ocrx_word' id='word_1_83' title='bbox 1161 1499 1267 1567; x_wconf 90' lang='lat' dir='ltr'>subito</span> 
     </span>
     <span class='ocr_line' id='line_1_11' title="bbox 108 1581 1267 1672; baseline 0.003 -24"><span class='ocrx_word' id='word_1_84' title='bbox 108 1581 381 1671; x_wconf 85' lang='lat' dir='ltr'>rodeprimuutur,</span> <span class='ocrx_word' id='word_1_85' title='bbox 417 1583 500 1651; x_wconf 88' lang='lat' dir='ltr'>sicut</span> <span class='ocrx_word' id='word_1_86' title='bbox 537 1596 623 1664; x_wconf 88' lang='lat' dir='ltr'>rota,</span> <span class='ocrx_word' id='word_1_87' title='bbox 664 1604 748 1672; x_wconf 78' lang='lat' dir='ltr'>qnae</span> <span class='ocrx_word' id='word_1_88' title='bbox 783 1581 895 1650; x_wconf 84' lang='lat' dir='ltr'>stabile</span> <span class='ocrx_word' id='word_1_89' title='bbox 929 1604 992 1649; x_wconf 90' lang='lat' dir='ltr'>non</span> <span class='ocrx_word' id='word_1_90' title='bbox 1032 1583 1130 1651; x_wconf 86' lang='lat' dir='ltr'>habet</span> <span class='ocrx_word' id='word_1_91' title='bbox 1170 1606 1267 1651; x_wconf 90' lang='lat' dir='ltr'>cacu-</span> 
     </span>
     <span class='ocr_line' id='line_1_12' title="bbox 147 1691 229 1735; baseline -0.012 0"><span class='ocrx_word' id='word_1_92' title='bbox 147 1691 229 1735; x_wconf 91' lang='lat' dir='ltr'>meu.</span> 
     </span>
     <span class='ocr_line' id='line_1_13' title="bbox 226 1750 1267 1842; baseline -0.003 -22"><span class='ocrx_word' id='word_1_93' title='bbox 226 1755 258 1820; x_wconf 75' lang='lat' dir='ltr'>i.</span> <span class='ocrx_word' id='word_1_94' title='bbox 301 1751 353 1819; x_wconf 87' lang='lat' dir='ltr'>De</span> <span class='ocrx_word' id='word_1_95' title='bbox 393 1750 521 1842; x_wconf 68' lang='lat' dir='ltr'>poetica</span> <span class='ocrx_word' id='word_1_96' title='bbox 554 1760 660 1818; x_wconf 88' lang='lat' dir='ltr'>tamen</span> <span class='ocrx_word' id='word_1_97' title='bbox 698 1750 935 1817; x_wconf 75' lang='lat' dir='ltr'>Centaurorum</span> <span class='ocrx_word' id='word_1_98' title='bbox 966 1750 1188 1819; x_wconf 81' lang='lat' dir='ltr'>adinventione</span> <span class='ocrx_word' id='word_1_99' title='bbox 1220 1751 1267 1818; x_wconf 89' lang='lat' dir='ltr'>sic</span> 
     </span>
     <span class='ocr_line' id='line_1_14' title="bbox 39 1833 1265 1986; baseline -0.002 -81"><span class='ocrx_word' id='word_1_100' title='bbox 39 1845 40 1848; x_wconf 75' lang='grc'>’</span> <span class='ocrx_word' id='word_1_101' title='bbox 145 1837 274 1905; x_wconf 74' lang='lat' dir='ltr'>Servius</span> <span class='ocrx_word' id='word_1_102' title='bbox 304 1839 357 1905; x_wconf 89' lang='lat' dir='ltr'>ait.</span> <span class='ocrx_word' id='word_1_103' title='bbox 405 1837 529 1914; x_wconf 83' lang='lat' dir='ltr'>Quum,</span> <span class='ocrx_word' id='word_1_104' title='bbox 557 1835 679 1925; x_wconf 83' lang='lat' dir='ltr'>iuquit,</span> <span class='ocrx_word' id='word_1_105' title='bbox 708 1833 838 1986; x_wconf 67' lang='lat' dir='ltr'>puidam</span> <span class='ocrx_word' id='word_1_106' title='bbox 865 1835 1041 1906; x_wconf 80' lang='lat' dir='ltr'>Thessalus</span> <span class='ocrx_word' id='word_1_107' title='bbox 1073 1857 1131 1903; x_wconf 84' lang='lat' dir='ltr'>rex</span> <span class='ocrx_word' id='word_1_108' title='bbox 1159 1837 1265 1903; x_wconf 87' lang='lat' dir='ltr'>bubus</span> 
     </span>
     <span class='ocr_line' id='line_1_15' title="bbox 145 1921 1265 2011; baseline 0.004 -23"><span class='ocrx_word' id='word_1_109' title='bbox 145 1935 251 1991; x_wconf 88' lang='lat' dir='ltr'>oestro</span> <span class='ocrx_word' id='word_1_110' title='bbox 273 1922 400 2011; x_wconf 77' lang='lat' dir='ltr'>agitatis</span> <span class='ocrx_word' id='word_1_111' title='bbox 422 1921 570 1989; x_wconf 77' lang='lat' dir='ltr'>satellites</span> <span class='ocrx_word' id='word_1_112' title='bbox 590 1943 705 1988; x_wconf 88' lang='lat' dir='ltr'>suosa</span> <span class='ocrx_word' id='word_1_113' title='bbox 749 1943 806 1987; x_wconf 91' lang='lat' dir='ltr'>eos</span> <span class='ocrx_word' id='word_1_114' title='bbox 826 1921 1022 1990; x_wconf 84' lang='lat' dir='ltr'>revocandos</span> <span class='ocrx_word' id='word_1_115' title='bbox 1041 1922 1088 1988; x_wconf 87' lang='lat' dir='ltr'>ire</span> <span class='ocrx_word' id='word_1_116' title='bbox 1112 1922 1265 2008; x_wconf 73' lang='lat' dir='ltr'>jussisset,</span> 
     </span>
     <span class='ocr_line' id='line_1_16' title="bbox 87 2005 1266 2086; baseline -0.001 -14"><span class='ocrx_word' id='word_1_117' title='bbox 87 2021 180 2077; x_wconf 68' lang='lat' dir='ltr'>‚rtet</span> <span class='ocrx_word' id='word_1_118' title='bbox 200 2009 231 2074; x_wconf 79' lang='lat' dir='ltr'>nt</span> <span class='ocrx_word' id='word_1_119' title='bbox 253 2007 296 2075; x_wconf 88' lang='lat' dir='ltr'>ad</span> <span class='ocrx_word' id='word_1_120' title='bbox 318 2030 446 2075; x_wconf 91' lang='lat' dir='ltr'>cursum</span> <span class='ocrx_word' id='word_1_121' title='bbox 465 2018 587 2074; x_wconf 87' lang='lat' dir='ltr'>tantum</span> <span class='ocrx_word' id='word_1_122' title='bbox 606 2028 667 2072; x_wconf 91' lang='lat' dir='ltr'>non</span> <span class='ocrx_word' id='word_1_123' title='bbox 689 2005 888 2086; x_wconf 85' lang='lat' dir='ltr'>sufficerent,</span> <span class='ocrx_word' id='word_1_124' title='bbox 920 2029 939 2072; x_wconf 94' lang='lat' dir='ltr'>e</span> <span class='ocrx_word' id='word_1_125' title='bbox 962 2030 1019 2074; x_wconf 91' lang='lat' dir='ltr'>uos</span> <span class='ocrx_word' id='word_1_126' title='bbox 1042 2006 1266 2086; x_wconf 86' lang='lat' dir='ltr'>ascenderunt,</span> 
     </span>
     <span class='ocr_line' id='line_1_17' title="bbox 147 2090 1267 2173; baseline -0.004 -13"><span class='ocrx_word' id='word_1_127' title='bbox 147 2106 309 2162; x_wconf 89' lang='lat' dir='ltr'>eteorum</span> <span class='ocrx_word' id='word_1_128' title='bbox 329 2092 495 2160; x_wconf 80' lang='lat' dir='ltr'>velocitate</span> <span class='ocrx_word' id='word_1_129' title='bbox 515 2093 611 2158; x_wconf 85' lang='lat' dir='ltr'>bores</span> <span class='ocrx_word' id='word_1_130' title='bbox 632 2091 753 2173; x_wconf 89' lang='lat' dir='ltr'>secuti,</span> <span class='ocrx_word' id='word_1_131' title='bbox 776 2113 833 2157; x_wconf 91' lang='lat' dir='ltr'>eos</span> <span class='ocrx_word' id='word_1_132' title='bbox 853 2091 925 2158; x_wconf 90' lang='lat' dir='ltr'>stim</span> <span class='ocrx_word' id='word_1_133' title='bbox 958 2092 984 2161; x_wconf 89' lang='lat' dir='ltr'>is</span> <span class='ocrx_word' id='word_1_134' title='bbox 1004 2090 1047 2160; x_wconf 91' lang='lat' dir='ltr'>ad</span> <span class='ocrx_word' id='word_1_135' title='bbox 1067 2104 1154 2165; x_wconf 83' lang='lat' dir='ltr'>tecta</span> <span class='ocrx_word' id='word_1_136' title='bbox 1174 2114 1267 2157; x_wconf 81' lang='lat' dir='ltr'>revo-</span> 
     </span>
     <span class='ocr_line' id='line_1_18' title="bbox 146 2175 1266 2266; baseline -0.004 -20"><span class='ocrx_word' id='word_1_137' title='bbox 146 2190 267 2246; x_wconf 85' lang='lat' dir='ltr'>carant</span> <span class='ocrx_word' id='word_1_138' title='bbox 308 2177 376 2244; x_wconf 79' lang='lat' dir='ltr'>sea</span> <span class='ocrx_word' id='word_1_139' title='bbox 399 2176 431 2242; x_wconf 84' lang='lat' dir='ltr'>lsi</span> <span class='ocrx_word' id='word_1_140' title='bbox 451 2198 549 2266; x_wconf 75' lang='lat' dir='ltr'>quum</span> <span class='ocrx_word' id='word_1_141' title='bbox 569 2188 625 2245; x_wconf 86' lang='lat' dir='ltr'>aut</span> <span class='ocrx_word' id='word_1_142' title='bbox 644 2177 727 2244; x_wconf 91' lang='lat' dir='ltr'>irent</span> <span class='ocrx_word' id='word_1_143' title='bbox 746 2175 912 2256; x_wconf 80' lang='lat' dir='ltr'>velociter,</span> <span class='ocrx_word' id='word_1_144' title='bbox 944 2189 1002 2246; x_wconf 89' lang='lat' dir='ltr'>ant</span> <span class='ocrx_word' id='word_1_145' title='bbox 1029 2200 1127 2264; x_wconf 88' lang='lat' dir='ltr'>quum</span> <span class='ocrx_word' id='word_1_146' title='bbox 1155 2199 1266 2243; x_wconf 86' lang='lat' dir='ltr'>eorum</span> 
     </span>
     <span class='ocr_line' id='line_1_19' title="bbox 67 2261 1266 2351; baseline -0.003 -21"><span class='ocrx_word' id='word_1_147' title='bbox 67 2261 70 2272; x_wconf 81' lang='lat'>&#39;</span> <span class='ocrx_word' id='word_1_148' title='bbox 91 2264 100 2281; x_wconf 81' lang='lat'><em>⁰</em></span> <span class='ocrx_word' id='word_1_149' title='bbox 146 2287 165 2330; x_wconf 90' lang='lat' dir='ltr'>e</span> <span class='ocrx_word' id='word_1_150' title='bbox 189 2264 218 2330; x_wconf 90' lang='lat' dir='ltr'>ui</span> <span class='ocrx_word' id='word_1_151' title='bbox 234 2264 319 2332; x_wconf 85' lang='lat' dir='ltr'>circa</span> <span class='ocrx_word' id='word_1_152' title='bbox 334 2262 463 2329; x_wconf 83' lang='lat' dir='ltr'>fluvium</span> <span class='ocrx_word' id='word_1_153' title='bbox 477 2262 619 2328; x_wconf 87' lang='lat' dir='ltr'>Peneum</span> <span class='ocrx_word' id='word_1_154' title='bbox 640 2262 795 2349; x_wconf 81' lang='lat' dir='ltr'>capitibus</span> <span class='ocrx_word' id='word_1_155' title='bbox 813 2261 965 2330; x_wconf 88' lang='lat' dir='ltr'>inclinatis</span> <span class='ocrx_word' id='word_1_156' title='bbox 983 2274 1139 2351; x_wconf 88' lang='lat' dir='ltr'>potarent,</span> <span class='ocrx_word' id='word_1_157' title='bbox 1159 2261 1266 2328; x_wconf 89' lang='lat' dir='ltr'>locum</span> 
     </span>
     <span class='ocr_line' id='line_1_20' title="bbox 147 2344 1266 2435; baseline -0.004 -21"><span class='ocrx_word' id='word_1_158' title='bbox 147 2350 178 2415; x_wconf 84' lang='lat' dir='ltr'>la</span> <span class='ocrx_word' id='word_1_159' title='bbox 201 2348 273 2415; x_wconf 91' lang='lat' dir='ltr'>ulae</span> <span class='ocrx_word' id='word_1_160' title='bbox 284 2347 451 2425; x_wconf 87' lang='lat' dir='ltr'>dederunt,</span> <span class='ocrx_word' id='word_1_161' title='bbox 468 2356 503 2414; x_wconf 91' lang='lat' dir='ltr'>nt</span> <span class='ocrx_word' id='word_1_162' title='bbox 514 2346 679 2427; x_wconf 86' lang='lat' dir='ltr'>Centauri,</span> <span class='ocrx_word' id='word_1_163' title='bbox 698 2344 731 2412; x_wconf 91' lang='lat' dir='ltr'>id</span> <span class='ocrx_word' id='word_1_164' title='bbox 745 2358 794 2413; x_wconf 89' lang='lat' dir='ltr'>est</span> <span class='ocrx_word' id='word_1_165' title='bbox 810 2346 1030 2415; x_wconf 84' lang='lat' dir='ltr'>semihomines</span> <span class='ocrx_word' id='word_1_166' title='bbox 1053 2359 1087 2415; x_wconf 91' lang='lat' dir='ltr'>et</span> <span class='ocrx_word' id='word_1_167' title='bbox 1113 2347 1266 2435; x_wconf 88' lang='lat' dir='ltr'>semiequi</span> 
     </span>
     <span class='ocr_line' id='line_1_21' title="bbox 104 2427 1265 2520; baseline -0.002 -20"><span class='ocrx_word' id='word_1_168' title='bbox 104 2434 342 2520; x_wconf 71' lang='lat' dir='ltr'>toputarentur.</span> <span class='ocrx_word' id='word_1_169' title='bbox 385 2430 538 2498; x_wconf 81' lang='lat' dir='ltr'>Centauri</span> <span class='ocrx_word' id='word_1_170' title='bbox 559 2444 704 2498; x_wconf 89' lang='lat' dir='ltr'>autema</span> <span class='ocrx_word' id='word_1_171' title='bbox 726 2433 853 2498; x_wconf 87' lang='lat' dir='ltr'>Graeco</span> <span class='ocrx_word' id='word_1_172' title='bbox 874 2427 1065 2520; x_wconf 75' lang='grc' dir='ltr'><strong><em>κενταύροις</em></strong></span> <span class='ocrx_word' id='word_1_173' title='bbox 1086 2430 1162 2499; x_wconf 90' lang='lat' dir='ltr'>dicti</span> <span class='ocrx_word' id='word_1_174' title='bbox 1182 2445 1265 2499; x_wconf 85' lang='lat' dir='ltr'>suut</span> 
     </span>
     <span class='ocr_line' id='line_1_22' title="bbox 146 2514 1265 2586; baseline -0.003 -2"><span class='ocrx_word' id='word_1_175' title='bbox 146 2520 202 2584; x_wconf 80' lang='lat' dir='ltr'>alii</span> <span class='ocrx_word' id='word_1_176' title='bbox 233 2539 307 2583; x_wconf 82' lang='lat' dir='ltr'>vero</span> <span class='ocrx_word' id='word_1_177' title='bbox 335 2517 569 2583; x_wconf 87' lang='lat' dir='ltr'>Centaurorum</span> <span class='ocrx_word' id='word_1_178' title='bbox 598 2515 735 2584; x_wconf 79' lang='lat' dir='ltr'>fabulam</span> <span class='ocrx_word' id='word_1_179' title='bbox 766 2517 934 2584; x_wconf 85' lang='lat' dir='ltr'>confictam</span> <span class='ocrx_word' id='word_1_180' title='bbox 961 2539 1033 2586; x_wconf 87' lang='lat' dir='ltr'>esse</span> <span class='ocrx_word' id='word_1_181' title='bbox 1054 2530 1201 2583; x_wconf 85' lang='lat' dir='ltr'>asserunt</span> <span class='ocrx_word' id='word_1_182' title='bbox 1221 2514 1265 2581; x_wconf 93' lang='lat' dir='ltr'>ad</span> 
     </span>
     <span class='ocr_line' id='line_1_23' title="bbox 146 2599 1265 2693; baseline -0.002 -25"><span class='ocrx_word' id='word_1_183' title='bbox 146 2599 381 2691; x_wconf 84' lang='lat' dir='ltr'>exprimendam</span> <span class='ocrx_word' id='word_1_184' title='bbox 411 2601 565 2667; x_wconf 86' lang='lat' dir='ltr'>humanae</span> <span class='ocrx_word' id='word_1_185' title='bbox 594 2602 675 2669; x_wconf 85' lang='lat' dir='ltr'>ritae</span> <span class='ocrx_word' id='word_1_186' title='bbox 703 2600 917 2683; x_wconf 83' lang='lat' dir='ltr'>velocitatem,</span> <span class='ocrx_word' id='word_1_187' title='bbox 950 2603 1025 2693; x_wconf 87' lang='lat' dir='ltr'>quia</span> <span class='ocrx_word' id='word_1_188' title='bbox 1049 2624 1165 2690; x_wconf 87' lang='lat' dir='ltr'>equum</span> <span class='ocrx_word' id='word_1_189' title='bbox 1188 2624 1265 2668; x_wconf 89' lang='lat' dir='ltr'>oon-</span> 
     </span>
     <span class='ocr_line' id='line_1_24' title="bbox 146 2685 1265 2779; baseline -0.001 -25"><span class='ocrx_word' id='word_1_190' title='bbox 146 2700 210 2755; x_wconf 90' lang='lat' dir='ltr'>stat</span> <span class='ocrx_word' id='word_1_191' title='bbox 237 2709 307 2754; x_wconf 89' lang='lat' dir='ltr'>esse</span> <span class='ocrx_word' id='word_1_192' title='bbox 336 2686 573 2752; x_wconf 84' lang='lat' dir='ltr'>velocissimum.</span> <span class='ocrx_word' id='word_1_193' title='bbox 622 2686 708 2753; x_wconf 78' lang='lat' dir='ltr'>Sane</span> <span class='ocrx_word' id='word_1_194' title='bbox 735 2685 777 2753; x_wconf 92' lang='lat' dir='ltr'>de</span> <span class='ocrx_word' id='word_1_195' title='bbox 806 2686 870 2765; x_wconf 86' lang='lat' dir='ltr'>his,</span> <span class='ocrx_word' id='word_1_196' title='bbox 910 2699 946 2754; x_wconf 92' lang='lat' dir='ltr'>ut</span> <span class='ocrx_word' id='word_1_197' title='bbox 980 2688 1069 2779; x_wconf 89' lang='lat' dir='ltr'>ajunt</span> <span class='ocrx_word' id='word_1_198' title='bbox 1100 2687 1200 2754; x_wconf 88' lang='lat' dir='ltr'>Stoici</span> <span class='ocrx_word' id='word_1_199' title='bbox 1231 2697 1265 2753; x_wconf 91' lang='lat' dir='ltr'>et</span> 
     </span>
     <span class='ocr_line' id='line_1_25' title="bbox 147 2769 1264 2860; baseline -0.002 -22"><span class='ocrx_word' id='word_1_200' title='bbox 147 2769 343 2850; x_wconf 79' lang='lat' dir='ltr'>Academici,</span> <span class='ocrx_word' id='word_1_201' title='bbox 376 2781 409 2837; x_wconf 93' lang='lat' dir='ltr'>et</span> <span class='ocrx_word' id='word_1_202' title='bbox 435 2771 567 2852; x_wconf 89' lang='lat' dir='ltr'>ceteris,</span> <span class='ocrx_word' id='word_1_203' title='bbox 600 2794 683 2860; x_wconf 84' lang='lat' dir='ltr'>quae</span> <span class='ocrx_word' id='word_1_204' title='bbox 710 2782 820 2839; x_wconf 90' lang='lat' dir='ltr'>contra</span> <span class='ocrx_word' id='word_1_205' title='bbox 847 2784 991 2840; x_wconf 87' lang='lat' dir='ltr'>naturam</span> <span class='ocrx_word' id='word_1_206' title='bbox 1015 2773 1162 2838; x_wconf 87' lang='lat' dir='ltr'>dicuutur</span> <span class='ocrx_word' id='word_1_207' title='bbox 1186 2772 1264 2850; x_wconf 89' lang='lat' dir='ltr'>lieri,</span> 
     </span>
     <span class='ocr_line' id='line_1_26' title="bbox 104 2853 1266 2948; baseline 0.004 -31"><span class='ocrx_word' id='word_1_208' title='bbox 104 2853 381 2943; x_wconf 77' lang='lat' dir='ltr'>nointelligeudum</span> <span class='ocrx_word' id='word_1_209' title='bbox 403 2867 468 2935; x_wconf 91' lang='lat' dir='ltr'>est,</span> <span class='ocrx_word' id='word_1_210' title='bbox 497 2878 559 2921; x_wconf 91' lang='lat' dir='ltr'>non</span> <span class='ocrx_word' id='word_1_211' title='bbox 580 2855 667 2944; x_wconf 89' lang='lat' dir='ltr'>quod</span> <span class='ocrx_word' id='word_1_212' title='bbox 688 2859 780 2935; x_wconf 87' lang='lat' dir='ltr'>liant,</span> <span class='ocrx_word' id='word_1_213' title='bbox 808 2855 868 2924; x_wconf 90' lang='lat' dir='ltr'>sed</span> <span class='ocrx_word' id='word_1_214' title='bbox 888 2856 974 2946; x_wconf 84' lang='lat' dir='ltr'>quod</span> <span class='ocrx_word' id='word_1_215' title='bbox 992 2857 1176 2948; x_wconf 88' lang='lat' dir='ltr'>plerumque</span> <span class='ocrx_word' id='word_1_216' title='bbox 1197 2856 1266 2923; x_wconf 88' lang='lat' dir='ltr'>fieri</span> 
     </span>
     <span class='ocr_line' id='line_1_27' title="bbox 148 2940 1263 3045; baseline 0 -39"><span class='ocrx_word' id='word_1_217' title='bbox 148 2942 317 3008; x_wconf 84' lang='lat' dir='ltr'>videantur.</span> <span class='ocrx_word' id='word_1_218' title='bbox 361 2941 434 3014; x_wconf 78' lang='lat' dir='ltr'>Qua</span> <span class='ocrx_word' id='word_1_219' title='bbox 453 2940 496 3006; x_wconf 89' lang='lat' dir='ltr'>de</span> <span class='ocrx_word' id='word_1_220' title='bbox 519 2963 555 3007; x_wconf 91' lang='lat' dir='ltr'>re</span> <span class='ocrx_word' id='word_1_221' title='bbox 577 2953 685 3030; x_wconf 89' lang='lat' dir='ltr'>aptum</span> <span class='ocrx_word' id='word_1_222' title='bbox 705 2943 919 3032; x_wconf 85' lang='lat' dir='ltr'>Hieronymus</span> <span class='ocrx_word' id='word_1_223' title='bbox 941 2942 1117 3045; x_wconf 85' lang='lat' dir='ltr'>exemplum</span> <span class='ocrx_word' id='word_1_224' title='bbox 1133 2943 1166 3007; x_wconf 90' lang='lat' dir='ltr'>in</span> <span class='ocrx_word' id='word_1_225' title='bbox 1183 2941 1263 3007; x_wconf 89' lang='lat' dir='ltr'>libro</span> 
     </span>
     <span class='ocr_line' id='line_1_28' title="bbox 147 3025 1264 3107; baseline 0 -14"><span class='ocrx_word' id='word_1_226' title='bbox 147 3028 188 3093; x_wconf 89' lang='lat' dir='ltr'>de</span> <span class='ocrx_word' id='word_1_227' title='bbox 210 3027 286 3094; x_wconf 87' lang='lat' dir='ltr'>Vitis</span> <span class='ocrx_word' id='word_1_228' title='bbox 308 3026 442 3093; x_wconf 81' lang='lat' dir='ltr'>Petrum</span> <span class='ocrx_word' id='word_1_229' title='bbox 462 3034 588 3107; x_wconf 84' lang='lat' dir='ltr'>narrat,</span> <span class='ocrx_word' id='word_1_230' title='bbox 610 3028 662 3093; x_wconf 87' lang='lat' dir='ltr'>ubi</span> <span class='ocrx_word' id='word_1_231' title='bbox 684 3025 726 3093; x_wconf 89' lang='lat' dir='ltr'>de</span> <span class='ocrx_word' id='word_1_232' title='bbox 746 3026 904 3094; x_wconf 86' lang='lat' dir='ltr'>miraculis</span> <span class='ocrx_word' id='word_1_233' title='bbox 924 3027 1055 3094; x_wconf 87' lang='lat' dir='ltr'>Macaui</span> <span class='ocrx_word' id='word_1_234' title='bbox 1077 3050 1095 3092; x_wconf 89' lang='lat' dir='ltr'>a</span> <span class='ocrx_word' id='word_1_235' title='bbox 1121 3027 1153 3094; x_wconf 81' lang='lat' dir='ltr'>it</span> <span class='ocrx_word' id='word_1_236' title='bbox 1195 3028 1264 3093; x_wconf 90' lang='lat' dir='ltr'>Cu-</span> 
     </span>
     <span class='ocr_line' id='line_1_29' title="bbox 140 3049 1265 3202; baseline -0.002 -22"><span class='ocrx_word' id='word_1_237' title='bbox 140 3111 269 3201; x_wconf 87' lang='lat' dir='ltr'>jusdam</span> <span class='ocrx_word' id='word_1_238' title='bbox 291 3111 391 3191; x_wconf 78' lang='lat' dir='ltr'>enin,</span> <span class='ocrx_word' id='word_1_239' title='bbox 418 3109 535 3199; x_wconf 90' lang='lat' dir='ltr'>inquit,</span> <span class='ocrx_word' id='word_1_240' title='bbox 559 3111 790 3198; x_wconf 82' lang='lat' dir='ltr'>patrisfamilias</span> <span class='ocrx_word' id='word_1_241' title='bbox 811 3112 902 3199; x_wconf 78' lang='lat' dir='ltr'>virgo</span> <span class='ocrx_word' id='word_1_242' title='bbox 924 3113 985 3178; x_wconf 89' lang='lat' dir='ltr'>filia</span> <span class='ocrx_word' id='word_1_243' title='bbox 1006 3134 1064 3202; x_wconf 92' lang='lat' dir='ltr'>per</span> <span class='ocrx_word' id='word_1_244' title='bbox 1096 3049 1265 3179; x_wconf 63' lang='lat' dir='ltr'>iantasias</span> 
     </span>
     <span class='ocr_line' id='line_1_30' title="bbox 147 3136 1266 3286; baseline -0.002 -22"><span class='ocrx_word' id='word_1_245' title='bbox 147 3199 288 3286; x_wconf 80' lang='lat' dir='ltr'>magicas</span> <span class='ocrx_word' id='word_1_246' title='bbox 317 3196 349 3264; x_wconf 92' lang='lat' dir='ltr'>in</span> <span class='ocrx_word' id='word_1_247' title='bbox 377 3196 527 3284; x_wconf 90' lang='lat' dir='ltr'>equinum</span> <span class='ocrx_word' id='word_1_248' title='bbox 553 3197 666 3263; x_wconf 84' lang='lat' dir='ltr'>animal</span> <span class='ocrx_word' id='word_1_249' title='bbox 695 3218 785 3263; x_wconf 78' lang='lat' dir='ltr'>versa</span> <span class='ocrx_word' id='word_1_250' title='bbox 812 3197 988 3264; x_wconf 87' lang='lat' dir='ltr'>hominibus</span> <span class='ocrx_word' id='word_1_251' title='bbox 1013 3136 1195 3277; x_wconf 73' lang='lat' dir='ltr'>videlatur,</span> <span class='ocrx_word' id='word_1_252' title='bbox 1229 3207 1266 3263; x_wconf 89' lang='lat' dir='ltr'>ut</span> 
     </span>
     <span class='ocr_line' id='line_1_31' title="bbox 104 3282 1266 3371; baseline -0.003 -20"><span class='ocrx_word' id='word_1_253' title='bbox 104 3305 257 3351; x_wconf 82' lang='lat' dir='ltr'>sorevera</span> <span class='ocrx_word' id='word_1_254' title='bbox 289 3303 372 3370; x_wconf 88' lang='lat' dir='ltr'>equa</span> <span class='ocrx_word' id='word_1_255' title='bbox 398 3304 470 3348; x_wconf 89' lang='lat' dir='ltr'>esso</span> <span class='ocrx_word' id='word_1_256' title='bbox 495 3303 558 3346; x_wconf 91' lang='lat' dir='ltr'>non</span> <span class='ocrx_word' id='word_1_257' title='bbox 577 3282 679 3369; x_wconf 90' lang='lat' dir='ltr'>puella</span> <span class='ocrx_word' id='word_1_258' title='bbox 702 3293 875 3370; x_wconf 89' lang='lat' dir='ltr'>putaretur.</span> <span class='ocrx_word' id='word_1_259' title='bbox 917 3283 1013 3348; x_wconf 91' lang='lat' dir='ltr'>Hanc</span> <span class='ocrx_word' id='word_1_260' title='bbox 1033 3306 1129 3370; x_wconf 85' lang='lat' dir='ltr'>quum</span> <span class='ocrx_word' id='word_1_261' title='bbox 1151 3305 1266 3371; x_wconf 91' lang='lat' dir='ltr'>paren·</span> 
     </span>
     <span class='ocr_line' id='line_1_32' title="bbox 93 3366 1267 3454; baseline -0.004 -20"><span class='ocrx_word' id='word_1_262' title='bbox 93 3417 100 3434; x_wconf 79' lang='grc'><em>,</em></span> <span class='ocrx_word' id='word_1_263' title='bbox 146 3385 194 3437; x_wconf 90' lang='lat' dir='ltr'>tes</span> <span class='ocrx_word' id='word_1_264' title='bbox 224 3366 266 3434; x_wconf 91' lang='lat' dir='ltr'>ad</span> <span class='ocrx_word' id='word_1_265' title='bbox 293 3379 435 3434; x_wconf 86' lang='lat' dir='ltr'>sanctum</span> <span class='ocrx_word' id='word_1_266' title='bbox 456 3366 632 3434; x_wconf 79' lang='lat' dir='ltr'>Maeotium</span> <span class='ocrx_word' id='word_1_267' title='bbox 663 3366 842 3445; x_wconf 84' lang='lat' dir='ltr'>duxissent,</span> <span class='ocrx_word' id='word_1_268' title='bbox 875 3378 908 3434; x_wconf 84' lang='lat' dir='ltr'>et</span> <span class='ocrx_word' id='word_1_269' title='bbox 935 3367 1003 3446; x_wconf 93' lang='lat' dir='ltr'>ille,</span> <span class='ocrx_word' id='word_1_270' title='bbox 1031 3367 1117 3454; x_wconf 83' lang='lat' dir='ltr'>quid</span> <span class='ocrx_word' id='word_1_271' title='bbox 1139 3367 1267 3432; x_wconf 77' lang='lat' dir='ltr'>vellent</span> 
     </span>
     <span class='ocr_line' id='line_1_33' title="bbox 145 3450 1266 3541; baseline -0.004 -22"><span class='ocrx_word' id='word_1_272' title='bbox 145 3464 402 3541; x_wconf 87' lang='lat' dir='ltr'>percontaretur,</span> <span class='ocrx_word' id='word_1_273' title='bbox 430 3451 591 3519; x_wconf 82' lang='lat' dir='ltr'>dixerunt:</span> <span class='ocrx_word' id='word_1_274' title='bbox 621 3452 716 3539; x_wconf 76' lang='lat' dir='ltr'>Elqua</span> <span class='ocrx_word' id='word_1_275' title='bbox 736 3452 834 3533; x_wconf 91' lang='lat' dir='ltr'>haec,</span> <span class='ocrx_word' id='word_1_276' title='bbox 865 3475 959 3541; x_wconf 86' lang='lat' dir='ltr'>quarn</span> <span class='ocrx_word' id='word_1_277' title='bbox 982 3450 1087 3518; x_wconf 83' lang='lat' dir='ltr'>vident</span> <span class='ocrx_word' id='word_1_278' title='bbox 1107 3451 1188 3517; x_wconf 90' lang='lat' dir='ltr'>oculi</span> <span class='ocrx_word' id='word_1_279' title='bbox 1210 3451 1266 3528; x_wconf 90' lang='lat' dir='ltr'>tui,</span> 
     </span>
     <span class='ocr_line' id='line_1_34' title="bbox 144 3536 1267 3626; baseline -0.002 -23"><span class='ocrx_word' id='word_1_280' title='bbox 144 3540 249 3626; x_wconf 83' lang='lat' dir='ltr'>puella</span> <span class='ocrx_word' id='word_1_281' title='bbox 271 3541 360 3625; x_wconf 85' lang='lat' dir='ltr'>virgo</span> <span class='ocrx_word' id='word_1_282' title='bbox 383 3548 416 3603; x_wconf 88' lang='lat' dir='ltr'>et</span> <span class='ocrx_word' id='word_1_283' title='bbox 435 3537 497 3605; x_wconf 87' lang='lat' dir='ltr'>lilia</span> <span class='ocrx_word' id='word_1_284' title='bbox 519 3549 628 3605; x_wconf 85' lang='lat' dir='ltr'>nostra</span> <span class='ocrx_word' id='word_1_285' title='bbox 649 3538 725 3617; x_wconf 84' lang='lat' dir='ltr'>suit;</span> <span class='ocrx_word' id='word_1_286' title='bbox 747 3536 805 3604; x_wconf 91' lang='lat' dir='ltr'>sed</span> <span class='ocrx_word' id='word_1_287' title='bbox 825 3537 967 3605; x_wconf 87' lang='lat' dir='ltr'>hominos</span> <span class='ocrx_word' id='word_1_288' title='bbox 988 3538 1111 3625; x_wconf 89' lang='lat' dir='ltr'>pessimi</span> <span class='ocrx_word' id='word_1_289' title='bbox 1133 3537 1267 3623; x_wconf 82' lang='lat' dir='ltr'>magicis</span> 
     </span>
     <span class='ocr_line' id='line_1_35' title="bbox 146 3620 1266 3713; baseline 0.001 -26"><span class='ocrx_word' id='word_1_290' title='bbox 146 3625 265 3690; x_wconf 75' lang='lat' dir='ltr'>ardisus</span> <span class='ocrx_word' id='word_1_291' title='bbox 292 3624 323 3689; x_wconf 90' lang='lat' dir='ltr'>in</span> <span class='ocrx_word' id='word_1_292' title='bbox 358 3620 471 3689; x_wconf 90' lang='lat' dir='ltr'>animal</span> <span class='ocrx_word' id='word_1_293' title='bbox 500 3623 584 3700; x_wconf 90' lang='lat' dir='ltr'>hoc,</span> <span class='ocrx_word' id='word_1_294' title='bbox 617 3621 703 3713; x_wconf 84' lang='lat' dir='ltr'>quod</span> <span class='ocrx_word' id='word_1_295' title='bbox 733 3621 835 3702; x_wconf 83' lang='lat' dir='ltr'>rides,</span> <span class='ocrx_word' id='word_1_296' title='bbox 870 3634 1039 3689; x_wconf 81' lang='lat' dir='ltr'>verterunt</span> <span class='ocrx_word' id='word_1_297' title='bbox 1094 3622 1266 3709; x_wconf 74' lang='lat' dir='ltr'>Rogamus</span> 
     </span>
     <span class='ocr_line' id='line_1_36' title="bbox 103 3705 1267 3811; baseline -0.002 -38"><span class='ocrx_word' id='word_1_298' title='bbox 103 3727 139 3775; x_wconf 78' lang='lat' dir='ltr'>oo</span> <span class='ocrx_word' id='word_1_299' title='bbox 148 3729 244 3796; x_wconf 80' lang='lat' dir='ltr'>ergo,</span> <span class='ocrx_word' id='word_1_300' title='bbox 266 3721 301 3774; x_wconf 93' lang='lat' dir='ltr'>ut</span> <span class='ocrx_word' id='word_1_301' title='bbox 322 3729 395 3775; x_wconf 89' lang='lat' dir='ltr'>ores</span> <span class='ocrx_word' id='word_1_302' title='bbox 418 3706 460 3773; x_wconf 93' lang='lat' dir='ltr'>ad</span> <span class='ocrx_word' id='word_1_303' title='bbox 481 3708 657 3787; x_wconf 88' lang='lat' dir='ltr'>dominum,</span> <span class='ocrx_word' id='word_1_304' title='bbox 686 3719 721 3776; x_wconf 89' lang='lat' dir='ltr'>ut</span> <span class='ocrx_word' id='word_1_305' title='bbox 745 3719 916 3775; x_wconf 86' lang='lat' dir='ltr'>commutet</span> <span class='ocrx_word' id='word_1_306' title='bbox 937 3731 1006 3788; x_wconf 88' lang='lat' dir='ltr'>earu</span> <span class='ocrx_word' id='word_1_307' title='bbox 1027 3708 1058 3772; x_wconf 91' lang='lat' dir='ltr'>in</span> <span class='ocrx_word' id='word_1_308' title='bbox 1080 3708 1158 3785; x_wconf 91' lang='lat' dir='ltr'>hoc,</span> <span class='ocrx_word' id='word_1_309' title='bbox 1180 3705 1267 3811; x_wconf 82' lang='lat' dir='ltr'>quod</span> 
     </span>
     <span class='ocr_line' id='line_1_37' title="bbox 147 3791 1267 3880; baseline 0 -22"><span class='ocrx_word' id='word_1_310' title='bbox 147 3795 214 3859; x_wconf 86' lang='lat' dir='ltr'>luit.</span> <span class='ocrx_word' id='word_1_311' title='bbox 259 3797 300 3860; x_wconf 82' lang='lat' dir='ltr'>At</span> <span class='ocrx_word' id='word_1_312' title='bbox 330 3792 381 3857; x_wconf 88' lang='lat' dir='ltr'>ille</span> <span class='ocrx_word' id='word_1_313' title='bbox 412 3794 472 3860; x_wconf 88' lang='lat' dir='ltr'>ait:</span> <span class='ocrx_word' id='word_1_314' title='bbox 506 3794 583 3880; x_wconf 80' lang='lat' dir='ltr'>Ego</span> <span class='ocrx_word' id='word_1_315' title='bbox 614 3792 696 3861; x_wconf 85' lang='lat' dir='ltr'>hanc</span> <span class='ocrx_word' id='word_1_316' title='bbox 745 3816 815 3860; x_wconf 91' lang='lat' dir='ltr'>uam</span> <span class='ocrx_word' id='word_1_317' title='bbox 836 3791 998 3859; x_wconf 89' lang='lat' dir='ltr'>ostenditis</span> <span class='ocrx_word' id='word_1_318' title='bbox 1020 3793 1153 3879; x_wconf 89' lang='lat' dir='ltr'>puellam</span> <span class='ocrx_word' id='word_1_319' title='bbox 1175 3791 1267 3858; x_wconf 72' lang='lat' dir='ltr'>rideo</span> 
     </span>
     <span class='ocr_line' id='line_1_38' title="bbox 147 3877 1268 3966; baseline 0.001 -24"><span class='ocrx_word' id='word_1_320' title='bbox 147 3878 219 3943; x_wconf 82' lang='lat' dir='ltr'>nihil</span> <span class='ocrx_word' id='word_1_321' title='bbox 245 3879 277 3942; x_wconf 92' lang='lat' dir='ltr'>iu</span> <span class='ocrx_word' id='word_1_322' title='bbox 298 3900 334 3943; x_wconf 88' lang='lat' dir='ltr'>se</span> <span class='ocrx_word' id='word_1_323' title='bbox 355 3877 486 3966; x_wconf 89' lang='lat' dir='ltr'>pecudis</span> <span class='ocrx_word' id='word_1_324' title='bbox 507 3878 685 3946; x_wconf 87' lang='lat' dir='ltr'>habentem.</span> <span class='ocrx_word' id='word_1_325' title='bbox 757 3901 797 3943; x_wconf 91' lang='lat' dir='ltr'>oc</span> <span class='ocrx_word' id='word_1_326' title='bbox 818 3889 940 3951; x_wconf 83' lang='lat' dir='ltr'>autem,</span> <span class='ocrx_word' id='word_1_327' title='bbox 962 3877 1048 3965; x_wconf 88' lang='lat' dir='ltr'>quod</span> <span class='ocrx_word' id='word_1_328' title='bbox 1071 3877 1183 3954; x_wconf 89' lang='lat' dir='ltr'>dicitis,</span> <span class='ocrx_word' id='word_1_329' title='bbox 1204 3900 1268 3943; x_wconf 91' lang='lat' dir='ltr'>non</span> 
     </span>
     <span class='ocr_line' id='line_1_39' title="bbox 144 3962 1268 4051; baseline 0 -23"><span class='ocrx_word' id='word_1_330' title='bbox 144 3973 193 4028; x_wconf 86' lang='lat' dir='ltr'>est</span> <span class='ocrx_word' id='word_1_331' title='bbox 214 3964 245 4028; x_wconf 92' lang='lat' dir='ltr'>in</span> <span class='ocrx_word' id='word_1_332' title='bbox 272 3963 338 4051; x_wconf 90' lang='lat' dir='ltr'>ejus</span> <span class='ocrx_word' id='word_1_333' title='bbox 370 3984 523 4049; x_wconf 89' lang='lat' dir='ltr'>corpore,</span> <span class='ocrx_word' id='word_1_334' title='bbox 558 3962 617 4029; x_wconf 90' lang='lat' dir='ltr'>sed</span> <span class='ocrx_word' id='word_1_335' title='bbox 649 3963 680 4030; x_wconf 91' lang='lat' dir='ltr'>in</span> <span class='ocrx_word' id='word_1_336' title='bbox 711 3963 809 4028; x_wconf 89' lang='lat' dir='ltr'>oculis</span> <span class='ocrx_word' id='word_1_337' title='bbox 837 3963 1034 4030; x_wconf 88' lang='lat' dir='ltr'>intuentium.</span> <span class='ocrx_word' id='word_1_338' title='bbox 1075 3963 1268 4029; x_wconf 87' lang='lat' dir='ltr'>Phantasiae</span> 
     </span>
     <span class='ocr_line' id='line_1_40' title="bbox 146 4047 1268 4137; baseline 0.001 -24"><span class='ocrx_word' id='word_1_339' title='bbox 146 4049 227 4114; x_wconf 81' lang='lat' dir='ltr'>eninr</span> <span class='ocrx_word' id='word_1_340' title='bbox 251 4047 440 4114; x_wconf 86' lang='lat' dir='ltr'>daemonum</span> <span class='ocrx_word' id='word_1_341' title='bbox 463 4059 536 4115; x_wconf 85' lang='lat' dir='ltr'>sunt</span> <span class='ocrx_word' id='word_1_342' title='bbox 561 4049 659 4126; x_wconf 90' lang='lat' dir='ltr'>istae,</span> <span class='ocrx_word' id='word_1_343' title='bbox 699 4070 760 4113; x_wconf 90' lang='lat' dir='ltr'>non</span> <span class='ocrx_word' id='word_1_344' title='bbox 795 4049 908 4114; x_wconf 87' lang='lat' dir='ltr'>veritas</span> <span class='ocrx_word' id='word_1_345' title='bbox 940 4070 1054 4113; x_wconf 87' lang='lat' dir='ltr'>rerum.</span> <span class='ocrx_word' id='word_1_346' title='bbox 1096 4049 1268 4137; x_wconf 81' lang='lat' dir='ltr'>Quumque</span> 
     </span>
     <span class='ocr_line' id='line_1_41' title="bbox 103 4131 1268 4218; baseline 0 -18"><span class='ocrx_word' id='word_1_347' title='bbox 103 4152 214 4201; x_wconf 75' lang='lat' dir='ltr'>uocans</span> <span class='ocrx_word' id='word_1_348' title='bbox 237 4157 310 4205; x_wconf 87' lang='lat' dir='ltr'>oum</span> <span class='ocrx_word' id='word_1_349' title='bbox 333 4133 516 4218; x_wconf 87' lang='lat' dir='ltr'>parentibus</span> <span class='ocrx_word' id='word_1_350' title='bbox 537 4134 602 4199; x_wconf 90' lang='lat' dir='ltr'>suis</span> <span class='ocrx_word' id='word_1_351' title='bbox 624 4134 655 4198; x_wconf 92' lang='lat' dir='ltr'>in</span> <span class='ocrx_word' id='word_1_352' title='bbox 678 4133 818 4199; x_wconf 89' lang='lat' dir='ltr'>cellulam</span> <span class='ocrx_word' id='word_1_353' title='bbox 849 4157 939 4200; x_wconf 89' lang='lat' dir='ltr'>suam</span> <span class='ocrx_word' id='word_1_354' title='bbox 965 4131 1205 4212; x_wconf 79' lang='lat' dir='ltr'>introduxisset,</span> <span class='ocrx_word' id='word_1_355' title='bbox 1234 4146 1268 4201; x_wconf 89' lang='lat' dir='ltr'>et</span> 
     </span>
     <span class='ocr_line' id='line_1_42' title="bbox 66 4218 1268 4305; baseline 0 -22"><span class='ocrx_word' id='word_1_356' title='bbox 66 4259 72 4269; x_wconf 51' lang='grc' dir='ltr'>ι</span> <span class='ocrx_word' id='word_1_357' title='bbox 146 4218 307 4285; x_wconf 86' lang='lat' dir='ltr'>dominum</span> <span class='ocrx_word' id='word_1_358' title='bbox 333 4228 466 4297; x_wconf 84' lang='lat' dir='ltr'>orasset,</span> <span class='ocrx_word' id='word_1_359' title='bbox 486 4218 620 4305; x_wconf 80' lang='lat' dir='ltr'>oleoque</span> <span class='ocrx_word' id='word_1_360' title='bbox 638 4240 709 4284; x_wconf 88' lang='lat' dir='ltr'>eam</span> <span class='ocrx_word' id='word_1_361' title='bbox 731 4219 762 4283; x_wconf 92' lang='lat' dir='ltr'>in</span> <span class='ocrx_word' id='word_1_362' title='bbox 786 4221 910 4284; x_wconf 89' lang='lat' dir='ltr'>nomine</span> <span class='ocrx_word' id='word_1_363' title='bbox 930 4218 1045 4284; x_wconf 88' lang='lat' dir='ltr'>domiui</span> <span class='ocrx_word' id='word_1_364' title='bbox 1062 4218 1268 4305; x_wconf 77' lang='lat' dir='ltr'>perunxisset,</span> 
     </span>
     <span class='ocr_line' id='line_1_43' title="bbox 145 4302 1267 4391; baseline -0.002 -20"><span class='ocrx_word' id='word_1_365' title='bbox 145 4306 229 4371; x_wconf 90' lang='lat' dir='ltr'>omui</span> <span class='ocrx_word' id='word_1_366' title='bbox 250 4303 371 4369; x_wconf 83' lang='lat' dir='ltr'>fallacia</span> <span class='ocrx_word' id='word_1_367' title='bbox 390 4303 475 4370; x_wconf 87' lang='lat' dir='ltr'>risus</span> <span class='ocrx_word' id='word_1_368' title='bbox 496 4302 644 4391; x_wconf 82' lang='lat' dir='ltr'>expulsa,</span> <span class='ocrx_word' id='word_1_369' title='bbox 674 4303 828 4390; x_wconf 82' lang='lat' dir='ltr'>virgineus</span> <span class='ocrx_word' id='word_1_370' title='bbox 852 4304 1015 4382; x_wconf 86' lang='lat' dir='ltr'>omnibus,</span> <span class='ocrx_word' id='word_1_371' title='bbox 1045 4317 1081 4370; x_wconf 89' lang='lat' dir='ltr'>ut</span> <span class='ocrx_word' id='word_1_372' title='bbox 1100 4305 1159 4368; x_wconf 82' lang='lat' dir='ltr'>sibi</span> <span class='ocrx_word' id='word_1_373' title='bbox 1180 4303 1267 4370; x_wconf 87' lang='lat' dir='ltr'>vide-</span> 
     </span>
     <span class='ocr_line' id='line_1_44' title="bbox 146 4386 1267 4475; baseline -0.001 -19"><span class='ocrx_word' id='word_1_374' title='bbox 146 4392 254 4467; x_wconf 84' lang='lat' dir='ltr'>batur,</span> <span class='ocrx_word' id='word_1_375' title='bbox 284 4389 399 4454; x_wconf 81' lang='lat' dir='ltr'>ell&#39;eoit.</span> <span class='ocrx_word' id='word_1_376' title='bbox 442 4386 567 4453; x_wconf 89' lang='lat' dir='ltr'>Idcirco</span> <span class='ocrx_word' id='word_1_377' title='bbox 589 4388 684 4453; x_wconf 88' lang='lat' dir='ltr'>etiarn</span> <span class='ocrx_word' id='word_1_378' title='bbox 710 4389 838 4475; x_wconf 79' lang='lat' dir='ltr'>magica</span> <span class='ocrx_word' id='word_1_379' title='bbox 864 4410 915 4456; x_wconf 88' lang='lat' dir='ltr'>ars</span> <span class='ocrx_word' id='word_1_380' title='bbox 937 4390 1037 4456; x_wconf 87' lang='lat' dir='ltr'>omnis</span> <span class='ocrx_word' id='word_1_381' title='bbox 1061 4412 1080 4454; x_wconf 92' lang='lat' dir='ltr'>a</span> <span class='ocrx_word' id='word_1_382' title='bbox 1103 4389 1267 4472; x_wconf 86' lang='lat' dir='ltr'>Romanis,</span> 
     </span>
     <span class='ocr_line' id='line_1_45' title="bbox 146 4469 1268 4553; baseline 0 -11"><span class='ocrx_word' id='word_1_383' title='bbox 146 4490 179 4543; x_wconf 92' lang='lat' dir='ltr'>ut</span> <span class='ocrx_word' id='word_1_384' title='bbox 202 4474 321 4541; x_wconf 86' lang='lat' dir='ltr'>Plinius</span> <span class='ocrx_word' id='word_1_385' title='bbox 341 4469 511 4540; x_wconf 85' lang='lat' dir='ltr'>Secundus</span> <span class='ocrx_word' id='word_1_386' title='bbox 532 4473 563 4536; x_wconf 92' lang='lat' dir='ltr'>in</span> <span class='ocrx_word' id='word_1_387' title='bbox 584 4471 730 4539; x_wconf 88' lang='lat' dir='ltr'>Naturali</span> <span class='ocrx_word' id='word_1_388' title='bbox 754 4475 896 4541; x_wconf 85' lang='lat' dir='ltr'>Historia</span> <span class='ocrx_word' id='word_1_389' title='bbox 917 4472 1030 4553; x_wconf 90' lang='lat' dir='ltr'>docet,</span> <span class='ocrx_word' id='word_1_390' title='bbox 1061 4472 1186 4540; x_wconf 84' lang='lat' dir='ltr'>exclusa</span> <span class='ocrx_word' id='word_1_391' title='bbox 1208 4487 1268 4542; x_wconf 89' lang='lat' dir='ltr'>est.</span> 
     </span>
     <span class='ocr_line' id='line_1_46' title="bbox 103 4555 1268 4647; baseline 0.003 -24"><span class='ocrx_word' id='word_1_392' title='bbox 103 4573 137 4623; x_wconf 77' lang='lat' dir='ltr'>to</span> <span class='ocrx_word' id='word_1_393' title='bbox 228 4564 258 4626; x_wconf 87' lang='grc'>8.</span> <span class='ocrx_word' id='word_1_394' title='bbox 301 4557 367 4626; x_wconf 81' lang='lat' dir='ltr'>Sed</span> <span class='ocrx_word' id='word_1_395' title='bbox 386 4555 599 4624; x_wconf 83' lang='lat' dir='ltr'>adirerticulo</span> <span class='ocrx_word' id='word_1_396' title='bbox 621 4555 732 4638; x_wconf 90' lang='lat' dir='ltr'>adid,</span> <span class='ocrx_word' id='word_1_397' title='bbox 753 4557 842 4647; x_wconf 91' lang='lat' dir='ltr'>quod</span> <span class='ocrx_word' id='word_1_398' title='bbox 862 4581 921 4626; x_wconf 84' lang='lat' dir='ltr'>coe</span> <span class='ocrx_word' id='word_1_399' title='bbox 943 4560 1036 4626; x_wconf 88' lang='lat' dir='ltr'>imus.</span> <span class='ocrx_word' id='word_1_400' title='bbox 1064 4574 1268 4628; x_wconf 82' lang='lat' dir='ltr'>revertamur.</span> 
     </span>
     <span class='ocr_line' id='line_1_47' title="bbox 144 4584 1268 4741; baseline -0.001 -28"><span class='ocrx_word' id='word_1_401' title='bbox 144 4649 195 4713; x_wconf 88' lang='lat' dir='ltr'>Dc</span> <span class='ocrx_word' id='word_1_402' title='bbox 218 4669 275 4725; x_wconf 89' lang='lat' dir='ltr'>eo,</span> <span class='ocrx_word' id='word_1_403' title='bbox 307 4642 395 4731; x_wconf 85' lang='lat' dir='ltr'>quod</span> <span class='ocrx_word' id='word_1_404' title='bbox 415 4643 572 4710; x_wconf 83' lang='lat' dir='ltr'>lunonem</span> <span class='ocrx_word' id='word_1_405' title='bbox 594 4650 701 4711; x_wconf 69' lang='lat' dir='ltr'>serem</span> <span class='ocrx_word' id='word_1_406' title='bbox 722 4642 874 4741; x_wconf 86' lang='lat' dir='ltr'>dicimus,</span> <span class='ocrx_word' id='word_1_407' title='bbox 906 4584 981 4711; x_wconf 83' lang='lat' dir='ltr'>illud</span> <span class='ocrx_word' id='word_1_408' title='bbox 1004 4645 1072 4732; x_wconf 74' lang='lat' dir='ltr'>q&#39;us</span> <span class='ocrx_word' id='word_1_409' title='bbox 1094 4669 1166 4711; x_wconf 88' lang='lat' dir='ltr'>curn</span> <span class='ocrx_word' id='word_1_410' title='bbox 1188 4647 1268 4712; x_wconf 81' lang='lat' dir='ltr'>Jove</span> 
     </span>
    </p>
   </div>
   <div class='ocr_carea' id='block_1_3' title="bbox 0 0 1324 5130">
    <p class='ocr_par' dir='ltr' id='par_1_3' title="bbox 0 0 1324 5130">
     <span class='ocr_line' id='line_1_48' title="bbox 0 0 1324 5130; baseline 0 0"><span class='ocrx_word' id='word_1_411' title='bbox 0 0 1324 5130; x_wconf 95' lang='lat' dir='ltr'> </span> 
     </span>
    </p>
   </div>
  </div>
 </body>
</html>
