2640 5130
154 250 208 330 ro
434 243 454 337 ’,
483 226 666 354 olymp.
693 249 727 325 1.
780 236 848 327 aa.
874 232 974 325 aa¹

155 438 321 506 duetorem
341 376 464 505 dedit.
482 435 559 503 Hoo
579 457 661 526 ergo
683 412 837 507 benebeio
855 436 949 507 illecti
970 437 1191 526 Argonautae,
1216 439 1280 504 Ze-

155 538 209 593 ten
231 535 264 591 et
284 522 414 603 Calain,
434 518 515 589 lilios
535 518 664 588 Boreae
683 533 717 590 et
735 523 917 614 Orithyiae,
934 522 1044 590 'alatos
1061 524 1210 614 juvenes,
1237 524 1280 598 ad

62 603 69 620 ⁹
156 607 316 700 pellendas
336 607 496 758 Harppias
516 607 692 711 miserunt..
710 608 799 684 Quas
820 632 917 697 quum
938 608 1053 712 strictis
1074 608 1187 697 gladiis
1207 633 1282 698 per-

158 703 369 781 sequerentur
389 715 494 782 pusus
518 690 561 757 de
577 692 726 772 Areadra,
752 706 963 784 pervenerunt
982 692 1024 759 ud
1043 695 1178 775 insulas,
1199 718 1283 783 quae

133 780 396 932 bulliit
424 776 1282 933 illiniti¹¹:til-littll‘lii¹¹blnl

153 961 233 1017 ¹runt
249 949 385 1018 volutus:
405 969 539 1036 quomm
558 949 732 1027 conversio,
752 949 786 1016 id
806 962 855 1019 est
873 946 1016 1040 στροφὴ,
1039 970 1152 1016 nomen
1175 951 1282 1018 insulis

12 1084 15 1091 ·
158 1033 257 1102 dedit
307 1035 353 1103 Ut
381 1046 488 1102 autem
513 1054 609 1099 eanes
642 1033 730 1100 Joris
762 1035 959 1111 dicerentur,
995 1034 1076 1103 haee
1104 1035 1186 1104 ratio
1223 1049 1285 1117 est,

158 1122 233 1210 quia
253 1121 341 1209 ipsae
361 1119 494 1184 Furiae
515 1117 672 1184 dicuntur.
714 1118 810 1188 Unde
830 1134 864 1189 et
879 1121 964 1188 avari
983 1119 1025 1184 fin
1054 1133 1149 1188 untur
1166 1120 1283 1188 Furias

116 1232 152 1282 10
160 1208 235 1294 pati,
255 1206 328 1294 quia
346 1202 630 1354 abstinentpartis.
672 1203 760 1271 Sane
778 1206 864 1296 apud
883 1207 1001 1273 inferos
1053 1206 1154 1270 uriae
1174 1206 1284 1272 dieun-

159 1306 212 1360 tur
239 1305 273 1357 et
298 1311 419 1369 canes,
448 1310 510 1377 apu
556 1309 593 1355 su
637 1309 690 1354 ros
710 1289 810 1357 dirae
829 1303 863 1358 et
881 1314 983 1358 aves.-
1011 1290 1043 1355 in
1071 1288 1176 1357 medio
1207 1314 1283 1360 vero

158 1374 343 1468 Harpyiae
362 1371 527 1458 dicuntum
547 1394 590 1440 un
613 1396 633 1441 e
654 1373 770 1464 duplex
788 1378 821 1445 in
842 1376 891 1446 his
909 1374 1063 1445 iuvenitur
1085 1375 1219 1466 effigies.

306 1590 319 1682 ι’
436 1647 505 1728 28.
558 1648 764 1726 Leander
796 1659 838 1725 et
867 1647 1004 1726 Hero.

246 1801 358 1872 Sestos
385 1812 420 1872 et
445 1801 575 1895 Abydus
604 1805 700 1872 urbes
728 1802 850 1870 rieinae
877 1813 983 1883 erant,
1015 1812 1049 1872 et
1078 1803 1285 1873 interfluentis

116 1887 255 1965 tamaris
276 1904 346 1957 arto
373 1888 501 1958 divisae.
550 1889 623 1957 Una
655 1909 766 1956 earum
796 1887 929 1956 eelebris
958 1888 1062 1957 extitit
1089 1912 1148 1982 per
1176 1890 1284 1956 Lean-

159 1973 270 2052 drum,
298 1974 542 2064 pulcherrimum
559 1974 726 2065 juvenem
756 1972 855 2043 altera
881 1994 940 2062 per
966 1975 1077 2055 Hero,
1136 1971 1285 2041 ulcherri-

158 2081 244 2128 mam
265 2060 445 2144 mulierem3
465 2061 578 2149 quibus
602 2059 796 2139 absentibus,
819 2080 909 2125 amor
929 2058 999 2126 imis
1019 2000 1178 2128 eoneduit
1196 2082 1284 2128 men-

158 2145 253 2212 tibus.
293 2145 424 2213 Jurenis
444 2157 568 2226 autem,
587 2144 751 2234 impatiens
768 2143 869 2233 ignis,
889 2145 974 2210 omni
995 2143 1090 2212 modu
1111 2148 1288 2235 quaerebat

160 2229 352 2298 obtinendae
377 2229 507 2320 virginis
535 2232 669 2320 eopiam.
710 2227 778 2312 Sed
809 2228 892 2296 nullo
914 2227 957 2296 ad
976 2230 1067 2296 Hero
1089 2242 1176 2299 terra
1196 2231 1286 2310 aditu

118 2313 305 2397 minuente,
326 2315 418 2384 simul
437 2316 543 2384 calore
562 2329 596 2383 et
617 2314 751 2384 audacia
770 2314 811 2381 im
837 2315 941 2394 uisus,
969 2328 1120 2404 seponto
1138 2316 1287 2398 tradidit,

159 2401 271 2489 sicque
297 2400 436 2470 namudu
457 2401 596 2491 singulas
619 2412 730 2469 noetes
750 2422 792 2486 pu
833 2424 883 2467 am
906 2398 998 2480 adiit,
1027 2402 1134 2469 oblato
1160 2425 1200 2468 ex
1227 2401 1285 2470 ad-

159 2507 253 2553 rerso
274 2487 369 2555 turris
387 2485 521 2569 lumine,
552 2486 673 2577 puellae
694 2484 817 2565 studio,
847 2507 912 2575 quo
938 2496 1126 2553 nocturnum
1153 2487 1215 2554 iter
1243 2487 1286 2554 ad

160 2592 233 2637 eam
253 2571 393 2661 dirigere
412 2585 532 2661 posset.
570 2571 717 2649 Quadam
737 2593 813 2637 vero
834 2581 929 2638 noete
949 2593 1045 2658 quum
1068 2572 1171 2639 acrius
1194 2572 1285 2640 solito

160 2657 325 2726 imminens
346 2669 456 2726 ventus
477 2657 611 2746 faculam
633 2658 850 2744 extingueret,
865 2655 1001 2723 errando
1022 2669 1055 2725 et
1074 2657 1200 2736 inscius,
1221 2680 1286 2745 quo

119 2760 290 2813 socorsum
310 2756 452 2823 teneret,
480 2744 585 2813 nando
611 2743 735 2822 interiit
778 2741 878 2831 Cujus
903 2763 1019 2828 eorpus
1062 2764 1136 2808 uum
1157 2756 1286 2833 postero

161 2825 216 2894 die
254 2829 371 2896 ‘ertum
391 2829 423 2895 iu
441 2828 531 2898 litore
552 2829 700 2896 fluetibus
720 2828 810 2894 Hero
832 2827 980 2900 vidisset,
1009 2766 1119 2894 dddore
1139 2829 1287 2897 instinctu

161 2935 183 2979 a
209 2852 344 2982 eddmine
371 2913 497 2986 oeeidit
545 2915 602 2983 Sie
628 2937 701 2981 eum
728 2936 792 3001 quo
821 2913 933 2981 sortita
961 2910 1167 3003 tuliparum
1197 2937 1287 2980 mun·

160 2997 268 3156 danap¹
298 2999 479 3090 voluptatis,
518 3021 592 3070 euru
632 3023 673 3068 eo
702 3010 734 3068 et
768 2999 896 3089 pertulit
924 2998 1073 3068 damnum
1105 3001 1288 3069 mortiferae

162 3106 237 3154 aeer
259 3086 352 3156 'ntis

120 3381 159 3432 ao
459 3347 528 3426 29.
582 3347 767 3426 Cleobis
801 3360 845 3423 et
878 3349 995 3424 Bitu.

248 3503 355 3579 Quum
374 3523 444 3570 mos
467 3517 569 3584 esset,
597 3503 744 3590 Argivum
764 3499 964 3570 sacerdotem
979 3501 1098 3593 junctis
1119 3503 1222 3573 bubus
1243 3505 1292 3572 ire

163 3585 207 3654 ad
235 3589 351 3677 templa
376 3590 526 3672 Junonis,
556 3602 590 3656 et
618 3589 757 3656 sollemni
787 3587 839 3651 die
870 3609 931 3652 non
960 3587 1173 3663 invenirentur
1193 3591 1291 3657 boves

165 3674 362 3760 (pestilentia
390 3675 491 3755 enim,
534 3697 618 3764 quae
648 3694 706 3760 per
739 3673 870 3740 Atticum
896 3673 1087 3750 transierat,
1130 3675 1292 3742 universas

165 3757 410 3843 consumserat),
438 3759 504 3827 duo
524 3758 700 3827 sacerdotis
720 3756 791 3837 filii,
821 3757 951 3823 Cleobis
973 3770 1007 3826 et
1027 3757 1119 3839 Bito,
1147 3773 1302 3841 matrem,-

122 3845 338 3912 uosubeuntes
360 3843 462 3933 jugo,
497 3844 540 3912 ad
568 3843 685 3933 templa
716 3841 848 3909 duxere.
902 3843 990 3909 'I'um
1016 3842 1119 3924 Juno,
1151 3848 1292 3934 probans

163 3948 273 3996 eorum
293 3926 494 4031 religionem,
519 3931 637 4006 ‚obtulit
662 3929 772 4006 mutui,
802 3938 853 4007 ut,
884 3926 973 4016 quod
1004 3928 1110 4008 vellet,
1144 3942 1294 4018 posceret

162 4012 243 4079 filiis.
273 4012 329 4079 Illa
341 4036 394 4101 pra
407 4016 612 4104 responsione
627 4015 680 4091 ait,
709 4027 754 4091 ut,
775 4011 862 4099 quod
884 4013 982 4080 sciret
1002 4011 1063 4079 dea
1083 4014 1159 4080 utile
1175 4029 1293 4083 morta-

163 4097 261 4174 libus,
295 4098 365 4187 ipsa
391 4111 577 4188 praestaret
618 4100 725 4168 Altero
752 4097 860 4185 itaque
886 4096 940 4163 die
965 4097 1141 4167 sacerdotis
1160 4101 1295 4190 juvenes

163 4183 284 4271 reperti
304 4197 378 4252 sunt
398 4189 522 4255 mortui.
564 4186 615 4256 En
636 4207 700 4276 quo
723 4185 892 4273 probatum
913 4194 981 4269 est,
1002 4185 1077 4253 nihil
1100 4209 1171 4255 esse
1191 4185 1295 4256 morte

120 4268 382 4358 repraestantius
