2640 5130
361 669 363 673 ·
443 649 549 708 oums
575 650 797 711 DESCRIPTIO.
1152 655 1192 709 xl

18 785 27 801 .
62 819 151 883 viros
172 816 296 883 babent
315 818 456 911 optimos
477 820 514 884 in
534 821 695 909 negotio,
712 829 746 884 et
766 816 860 884 valde
878 818 1054 971 praecipue
1073 842 1193 888 vcnan-

59 915 133 985 tes,
163 914 197 969 ct
228 904 366 988 divites,
406 916 440 970 et
472 906 625 970 omnibns
658 903 755 969 bonis
787 914 928 968 ornatos.
1017 904 1194 994 ccipientes

59 990 186 1053 enims
208 987 335 1073 Persis,
357 990 423 1078 ipsi
443 989 479 1055 in
501 1015 629 1056 omnem
647 1001 766 1055 terram
787 988 1008 1055 Romanorum
1027 991 1193 1077 vendunt,

61 1084 97 1138 ct
118 1084 263 1140 ementes
277 1099 362 1164 qnae
382 1077 565 1141 necessaria
587 1086 683 1157 sunt,
708 1075 824 1139 iterum
845 1075 998 1157 indunt,
1028 1087 1192 1143 extra-ae·

62 1183 176 1224 nmen
199 1170 232 1224 ct
253 1162 397 1226 sei-rums
423 1163 481 1226 has
499 1161 587 1226 enim
610 1160 737 1250 specics
757 1161 859 1242 duas,
890 1160 954 1225 boc
974 1169 1025 1225 est
1044 1184 1194 1230 aeramen

63 1255 98 1309 et
118 1245 263 1330 t'errum,
286 1270 353 1311 non
374 1246 453 1312 licet
471 1247 622 1313 hostibus
644 1246 732 1311 dare.
776 1247 861 1313 Istae
881 1256 990 1310 autem
1010 1247 1193 1332 praedictae

64 1329 214 1395 civitates
249 1331 471 1421 gubernaculo
503 1330 570 1397 Dei
604 1343 688 1398 staro
719 1329 890 1413 videntur,
928 1339 961 1393 et
989 1328 1194 1421 imperatoris

62 1414 265 1504 prudentiae
287 1416 444 1482 habentes
465 1428 573 1481 autem
594 1440 704 1482 muros
724 1414 885 1504 inclytos,
907 1414 1060 1481 virtutem
1080 1417 1194 1483 Persa·

60 1524 135 1564 rum
157 1524 286 1588 semper
304 1501 340 1566 in
361 1502 451 1567 bcllo
472 1501 675 1586 dissolvunt,
697 1501 860 1567 ici-ventes
881 1499 1001 1584 rebus,
1024 1511 1057 1566 et
1078 1503 1193 1569 transi·

62 1596 179 1674 gcntcs
203 1609 276 1650 cum
298 1588 389 1652 omni
410 1586 589 1676 provincia.
634 1585 764 1653 Deinde
786 1584 956 1652 Osdroina
978 1595 1011 1650 et
1030 1585 1154 1655 Edessa
1165 1587 1195 1681 ¹)

61 1680 97 1735 et
117 1671 207 1760 ipsae
228 1671 374 1737 civitates
395 1671 596 1773 splendidae.

149 1757 203 1820 17.
246 1747 376 1823 Deindc
403 1782 468 1823 lum
497 1756 611 1846 Syriae
643 1753 732 1844 regio
762 1754 890 1839 omnis,
923 1779 1008 1846 quae
1037 1753 1194 1823 dividitur

61 1838 100 1904 in
126 1837 236 1929 Syrias
257 1852 346 1924 tres,
379 1840 588 1925 Phoenicen,
622 1839 859 1923 Palaestinam,
890 1851 924 1906 et
952 1840 1096 1927 Coclcn3
1136 1844 1193 1909 ba·
1293 1868 1299 1879 ·

59 1925 179 1990 bentes
201 1927 345 1992 civitates
360 1927 465 1992 varim
486 1927 684 1993 excellentes
703 1935 737 1991 ct
755 1949 806 1990 ma
851 1947 910 2010 as,
956 1950 1069 1991 uarum
1086 1927 1193 2015 prima

62 2010 240 2077 Antiochia
263 2012 376 2078 civitas
397 2011 515 2102 regalis
541 2013 576 2077 iu
597 2010 770 2094 omnibus,
792 1949 851 2076 uid
875 2021 909 2076 et
929 1950 1080 2077 dominus
1102 2013 1192 2079 orbis

60 2105 223 2161 mmmm
254 2097 346 2163 scdct
356 2096 415 2250 3,
454 2096 567 2163 civitas
597 2096 768 2186 splendida
791 2105 833 2165 ‚et
866 2094 1020 2185 operibus
1047 2096 1192 2185 publicis

63 2181 235 2265 eminens,
263 2193 296 2248 et
323 2208 355 2248 m
393 2182 531 2248 titudine
562 2181 759 2274 populorum
780 2189 911 2265 ornata,
944 2182 1088 2272 undique
1109 2180 1193 2250 acci·

62 2266 161 2356 piens
174 2313 186 2351 ,
215 2290 328 2333 omncs
353 2268 511 2350 sustinet,
543 2267 736 2332 habundans
757 2264 910 2331 omnibus
930 2267 1039 2333 bonis.
1082 2266 1193 2356 Tyrus

58 2352 335 2540 sumtu
354 2351 854 2589 tesiphontis:
891 2351 1193 2590 „crisipi

1120 2548 1193 2609 0¹¹⁸>

62 2521 206 2614 Berytus
238 2534 356 2625 cavitas·
379 2524 473 2591 valde
503 2523 543 2587 dc
571 2524 658 2626 ciosp
679 2533 712 2625 et
729 2523 911 2625 'auditoria‘
924 2523 1034 2614 legum
1123 2609 1132 2627 ·
1168 2609 1177 2628 .

63 2632 376 2762 ffirqeuttfflslppp:
394 2608 1194 2786 diiiiibnbrdliiidiidsbciiisasffmidieilettiipyldabmij

61 2778 253 2846 nominatur
273 2780 410 2870 ubique,
433 2779 521 2869 quod
543 2802 645 2844 unum
668 2789 701 2844 ct
720 2802 841 2845 novum
863 2779 1084 2871 spectaculum
1101 2805 1194 2870 prae·

62 2865 135 2931 bet.
178 2863 346 2931 tLaodicca
373 2888 451 2931 vcro
472 2865 584 2930 civitas
617 2864 759 2953 optima,
793 2887 875 2955 quae
904 2866 1056 2930 similiter
1086 2866 1195 2931 omnia

62 2948 195 3039 negotia
216 2949 377 3040 suscipit,
401 2959 434 3014 et
453 2949 646 3015 Antiochiae
669 2948 777 3015 mittit.
826 2949 956 3016 Deinde
979 2950 1128 3017 Sclcucia
1149 2951 1194 3018 ci·

63 3036 149 3101 vitas
188 3059 324 3124 magna,
363 3059 447 3125 quac
478 3034 585 3099 omnia
620 3035 704 3099 bona
737 3033 894 3122 suscipit,
927 3047 961 3101 et
992 3036 1064 3123 ipsa
1104 3036 1193 3101 simi·

63 3120 144 3186 liter
180 3122 362 3210 praedictae
394 3120 588 3185 Antiochiae
622 3118 733 3185 mittit.
796 3118 902 3202 Quam
937 3121 980 3185 ob
1012 3143 1082 3186 rem
1108 3121 1195 3188 Con·

65 3205 207 3357 imm
226 3205 257 3297 t)
288 3207 463 3356 imperator
483 3206 659 3355 maxipaum
690 3214 834 3270 montem
858 3205 1060 3355 amitihit
1093 3203 1195 3308 intro·
1255 3220 1259 3235 ‘

66 3301 700 3479 iuuisse
713 3300 968 3441 uuum
994 3313 1196 3445 suu·

65 3460 158 3528 um
176 3462 214 3529 in
237 3463 377 3552 negotiis
406 3471 585 3528 eminentes
605 3471 639 3526 ct
658 3460 883 3526 habundantes
903 3459 1056 3526 omnibus
1082 3461 1195 3546 bonis,

66 3546 204 3614 mittunt
233 3548 323 3613 omni
350 3547 477 3638 regioni
510 3546 624 3636 Syriae
659 3557 692 3612 et
716 3546 868 3636 Aegypto
888 3545 1001 3612 vinnm
1021 3546 1192 3639 optimum.

140 3759 171 3827 1)
191 3759 270 3825 Atqui
290 3757 394 3810 Edessa
410 3773 489 3827 snpra
511 3760 641 3826 appellata
660 3765 709 3824 est,
725 3758 859 3812 Osdroioa
878 3762 965 3811 eutem
980 3758 1126 3826 provincia,
1144 3773 1196 3812 nou

68 3831 139 3884 urbs-
175 3830 278 3882 Tenos
302 3829 387 3883 editus
413 3845 452 3895 gr.
474 3835 502 3882 et
521 3829 976 3896 iat.0adroinns12'dessaetipso
992 3828 1090 3881 civitas
1106 3829 1196 3900 splen-

66 3902 142 3956 dida.
178 3901 304 3955 Neutrum
321 3902 385 3952 satia
402 3902 500 3969 piacet,
524 3902 584 3967 quia
601 3900 666 3953 duas
683 3901 796 3953 Edessae
813 3916 863 3954 oon
886 3900 1011 3953 novimus.

137 3972 368 4040 menusanum
392 3971 542 4024 Antiochiae
564 3972 757 4025 discedentem
778 3971 836 4025 heic
861 3971 1054 4036 inteiligendum
1079 3971 1132 4024 iate
1148 3971 1197 4024 de-

66 4045 221 4099 monstravit
238 4041 413 4096 Gotbofredus
430 4058 464 4095 ex
485 4043 585 4109 legibus
605 4038 716 4095 indidem
734 4043 816 4107 datis,
841 4049 869 4096 et
891 4059 925 4095 ex
944 4042 1035 4094 Iuliani
1053 4042 1130 4110 imp,
1148 4043 1196 4094 Li·

65 4116 147 4180 bani,
163 4113 305 4178 Athanasii,
322 4113 467 4179 Augustmi,
484 4114 599 4166 Socratis
614 4116 772 4180 aliorumque
789 4115 948 4167 testimoniis.
984 4114 1119 4165 Valentem
1129 4128 1197 4180 quo-

66 4193 261 4310 qpeipposatnpp
278 4184 445 4309 aipppitaimdiud
455 4185 606 4308 hutiocttiias
622 4187 731 4250 scimua3
749 4185 795 4238 sed
821 4193 907 4238 umen
927 4190 1013 4237 cetera
1035 4186 1116 4237 nostri
1131 4200 1196 4254 ope-
1280 4238 1286 4248 ,

65 4273 104 4312 ru
166 4274 216 4310 scia
256 4272 303 4308 ons
368 4272 411 4308 um
446 4272 483 4308 ess
520 4273 571 4310 an.

138 4329 168 4394 8)
186 4327 303 4381 Aedifieii
331 4343 414 4397 genus
435 4273 600 4396 appiiiatioui
630 4342 693 4380 snae
719 4325 888 4392 couveniens,
919 4326 996 4393 quale
1022 4324 1101 4378 etiam
1124 4327 1199 4380 Con-

66 4400 234 4468 stantinopoli
256 4400 335 4452 iuius
356 4400 472 4466 tegimus.

138 4473 170 4538 a)
188 4470 255 4525 Cod.
281 4474 412 4534 cavensis,
439 4472 551 4538 itemque
570 4470 709 4523 ioretianus
732 4485 772 4536 gr.
794 4469 838 4519 iat.
865 4465 1068 4519 Constantinus.

138 4546 171 4610 4)
190 4544 230 4596 De
248 4542 296 4595 hoc
314 4543 456 4595 Constamss
481 4559 561 4611 opere
584 4542 757 4607 Hieronymus
775 4541 800 4593 in
826 4537 947 4592 chronico
967 4537 1024 4602 (ed.
1041 4537 1198 4606 Roucaiiae)

67 4613 101 4666 'd
119 4631 161 4667 an·
181 4613 276 4667 Christi
285 4618 347 4678 ³⁵1,
364 4614 512 4666 Constantii
529 4613 672 4685 undecimo,
690 4613 741 4665 aits
759 4610 864 4697 mugnis
881 4609 946 4679 reip.
963 4609 1087 4677 impensis
1104 4608 1133 4660 in
1150 4613 1199 4661 Ss-

69 4684 159 4737 leucs'a
176 4684 273 4754 Syrios
287 4694 382 4754 portus
398 4682 520 4754 effectus.
555 4687 613 4739 Alia
631 4688 669 4741 tei
686 4683 832 4740 testimonia
848 4683 960 4736 tumulat
978 4680 1164 4736 Gothoircdus.
