2640 5130
361 670 541 771 uyusp.
569 672 602 743 1.
655 665 859 741 uss-ct.
1124 669 1174 744 21

43 876 98 921 ass
116 862 179 921 est
223 849 367 921 Moriens
395 850 646 917 autemNsssus
667 849 744 916 dixit
763 849 947 915 Deianirae:
967 849 1091 937 collige
1113 849 1178 916 tihi

43 960 205 1003 cruorem
217 937 346 1014 istunc,
360 930 500 1021 ‘eritque
516 932 581 998 tibi
594 957 658 1020 pro
673 957 846 1001 munerea
859 957 912 999 me
924 933 1058 999 dutum.
1078 935 1176 1001 Num

45 1022 76 1086 εἰ
95 1021 240 1108 qccursdo
260 1018 429 1085 Herculis
454 1039 551 1081 amor
570 1041 593 1082 o
615 1029 649 1082 te
669 1018 912 1096 declinaverit,
938 1028 1083 1093 vestem,
1114 1019 1175 1083 hoc

46 1128 169 1169 cruore
180 1104 368 1185 inlectam,
388 1102 464 1169 viro
477 1100 646 1176 tribuens,
668 1106 742 1192 ejus
755 1124 905 1168 uncorum
915 1103 1085 1167 revocabis
1098 1101 1173 1167 titi.

48 1190 156 1263 Quum
185 1189 286 1276 igitur
312 1186 471 1253 Hercules
500 1185 656 1274 quandam
687 1187 885 1254 meretricem
908 1198 1044 1265 annuet,
1076 1201 1196 1254 exosus

47 1272 201 1339 Deianira
221 1272 306 1339 misit
327 1272 358 1337 ei
379 1285 515 1349 vestem,
542 1272 592 1336 ihu
616 1293 734 1337 veneno
758 1272 923 1344 iniectum,
945 1270 1096 1339 mandans
1139 1294 1174 1337 er

48 1358 195 1437 Licham,
217 1355 368 1423 iamuinrn
388 1356 474 1444 ejus,
495 1368 531 1423 ut
552 1356 631 1423 horn
650 1356 794 1423 sacrificii
814 1357 896 1422 iham
917 1353 1071 1423 indueret
1101 1296 1175 1431 (dua

47 1444 196 1522 indutus,
223 1442 369 1509 adhaesit
389 1443 463 1509 rcuti
490 1441 585 1519 iilius,
618 1442 785 1529 coepitque
814 1464 967 1508 venenum
991 1454 1077 1508 anus
1096 1442 1174 1507 illius

46 1528 217 1596 infundere
233 1524 457 1594 etincendere.
486 1527 581 1592 'l'unc
594 1527 737 1604 Licham,
759 1527 812 1613 qui
829 1527 858 1592 ei
874 1539 990 1593 vestem
1004 1525 1170 1607 detulerat,

47 1614 79 1678 in
105 1614 271 1679 Euboicas
300 1611 570 1701 projecitundas.
608 1612 653 1678 Se
675 1611 777 1699 ipsum
798 1613 830 1677 in
852 1614 971 1678 Aetnae
992 1612 1103 1679 montis
1122 1614 1215 1677 iu-tu

52 1697 198 1765 madium
215 1696 320 1781 misit,
349 1710 384 1765 et
403 1697 449 1765 sic
468 1697 549 1764 inter
569 1694 648 1763 deos
669 1695 836 1765 translatus
858 1709 916 1766 est.

226 1832 298 1910 59.
352 1834 638 1910 Philoctetes
676 1846 719 1908 ct
749 1835 990 1909 Hercules.

131 1955 330 2022 Philoctetes
360 1953 418 2019 tuit
438 1952 589 2020 Poeantis
618 1956 715 2033 filius,
744 1954 890 2021 Herculis
913 1976 1028 2021 mmss.
1071 1953 1175 2028 Quem

55 2040 225 2119 fluentes,
253 2062 352 2129 quum
373 2038 530 2105 hominem
553 2039 585 2104 in
607 2046 707 2107 hema
727 2051 834 2113 monte
855 2040 1047 2127 deponeret,
1075 2039 1174 2127 petiit,

55 2127 210 2193 senhcui
240 2126 291 2191 sui
319 2123 461 2213 corporis
488 2122 632 2207 reliquias
657 2124 843 2202 indicaret·
871 2125 924 2192 De
950 2146 1013 2213 quc
1040 2145 1076 2189 re
1098 2146 1213 2198 eumin

53 2208 443 2363 htutt't‘lht‘„
469 2208 1024 2384 hutt'ttttitheth?
1049 2208 1173 2380 hihi

57 2382 198 2447 Herculis
218 2404 302 2470 opus
320 2402 393 2446 esse
412 2375 454 2446 sd
474 2379 610 2467 Troiae,
637 2402 693 2448 ssu
715 2380 781 2462 ihi,
806 2403 887 2468 expu
935 2382 1078 2448 ationem.
1121 2380 1173 2444 ln-

58 2480 161 2533 vestm
181 2467 291 2554 itaque
309 2464 519 2544 Philoctetes,
545 2486 641 2552 quum
663 2468 704 2531 ab
725 2487 764 2529 eo
785 2466 895 2536 Hercu
907 2488 941 2532 es
959 2476 1174 2554 quaereretur,

60 2564 88 2617 u
108 2565 241 2639 negaret
260 2549 363 2641 pn'mo
385 2571 420 2616 se
440 2549 539 2622 seire,
567 2551 618 2615 ubi
640 2563 726 2618 esset
748 2550 918 2630 Hercules,
948 2549 1074 2616 tandem
1096 2573 1213 2625 con-20

60 2636 153 2703 fusus
182 2648 249 2713 est,
286 2648 444 2702 mortuum
473 2658 551 2700 esse.
595 2636 683 2703 Idem
713 2658 807 2723 quum
835 2637 950 2702 acriter
971 2636 1012 2702 ad
1032 2633 1172 2709 indican-

61 2722 128 2786 dum
146 2744 183 2788 se
206 2720 326 2788 nicrum
349 2719 416 2809 ejus
438 2732 626 2806 cogeretur,
675 2720 737 2786 eds
757 2721 858 2786 iocum
878 2721 1048 2809 percussit,
1076 2743 1173 2813 quum

61 2806 146 2873 nollet
188 2809 285 2873 icere.
329 2804 449 2871 Postea
470 2827 608 2892 pergens
630 2745 673 2872 ad
694 2806 823 2884 bellum,
843 2828 939 2893 quum
960 2819 1172 2886 exerceretur,

61 2891 188 2979 ugittae
206 2893 300 2959 unius
322 2912 399 2961 casu
421 2891 598 2961 vulneratus
620 2906 669 2959 ast
688 2893 719 2956 iu
748 2891 849 2979 pede,
882 2913 946 2977 quo
972 2905 1173 2978 percusserat

61 2978 212 3043 munium
261 2977 355 3061 Ergo
378 2996 472 3062 quum
505 2975 658 3042 foetorem
685 2976 863 3044 insanabilis
892 2976 1025 3043 vulneris
1051 2976 1210 3044 Graecias

61 3060 137 3127 terre
172 3085 236 3128 non
292 3074 416 3139 essem,
458 3059 512 3126 diu
548 3059 693 3149 equidem
730 3084 787 3151 pru
822 3060 939 3127 oraculi
973 3061 1170 3141 necessitate,

60 3143 179 3215 ductum
208 3085 337 3215 tandem
366 3142 450 3233 spud
479 3145 635 3213 Lemnum
664 3147 792 3212 sublatis
819 3145 1012 3234 reliquerunt
1038 3170 1072 3211 sa
1097 3146 1170 3212 ittis.

61 3230 117 3297 Hic
141 3246 252 3335 postes
284 3230 417 3297 horrore
443 3230 491 3297 sui
519 3231 651 3298 vulneris
676 3230 719 3296 ad
739 3231 869 3320 patriam
890 3229 995 3297 redire
1016 3169 1170 3318 negiexin

62 3316 112 3383 sed
127 3318 185 3385 ubi
204 3340 335 3407 paruum
358 3314 501 3385 Petiliam
520 3316 552 3382 in
573 3316 740 3384 Calabriae
761 3316 900 3405 partibus
923 3316 1005 3385 iecit

311 3454 380 3530 60.
432 3458 628 3558 Nepotes
667 3461 898 3535 Herculis.
1173 3481 1208 3529 so

131 3577 309 3664 Postquam
337 3575 494 3645 Heredes
524 3575 670 3664 migravit
696 3601 716 3644 e
742 3576 851 3655 terris,
882 3584 1019 3662 nepotes¹
1033 3571 1111 3663 ejus,
1133 3572 1170 3638 ti-

63 3673 171 3729 mentes
187 3660 319 3727 insidins
335 3685 462 3739 eorum,
494 3686 573 3751 quos
603 3663 757 3729 Hercules
781 3661 936 3728 afflixerat
956 3656 1170 3746 multipliciter.

64 3744 179 3813 thais
201 3747 261 3813 sibi
282 3748 372 3835 primi
392 3748 530 3837 asylum,
552 3749 614 3814 hoc
634 3760 683 3815 est
703 3746 850 3835 tempium
870 3745 1046 3822 Minervae,
1075 3741 1171 3807 coilo·

64 3845 177 3901 camut.
207 3829 294 3898 unde
320 3831 420 3898 nuilus
447 3848 556 3921 posset
575 3833 708 3913 ubduci;
745 3831 831 3920 qrrod
868 3839 901 3896 et
930 3829 1049 3897 Statius
1078 3826 1169 3891 dicit:

64 3912 239 3981 Herculeos
260 3916 373 3982 sedem
388 3915 562 4001 srersdosse
583 3942 624 3983 ns
649 3929 729 3986 ntes.
768 3915 847 3989 ldeu
871 3935 950 4000 ergo
982 3914 1041 3992 ait,
1076 3910 1207 4012 paudus

65 3994 223 4063 Rornulus
233 4000 385 4067 Athenis
393 4000 530 4090 asylum
546 3941 686 4081 retudit,
708 4002 771 4073 hoc
787 4014 846 4076 est,
866 3997 1110 4148 templumfseptt
1130 3991 1172 4143 ap

944 4105 979 4150 us
1021 4104 1099 4151 eci,
1131 4101 1153 4142 u

65 4078 256 4152 imitationem
278 4084 473 4151 Atheniensis
494 4083 579 4180 nsyii.
607 4084 703 4160 Quod
724 4086 797 4152 ideo
825 4086 929 4151 Romu

64 4162 181 4236 heberet
200 4169 341 4236 advenas
360 4168 483 4258 piures,
505 4193 577 4236 cum
598 4172 710 4260 quibus
730 4168 1037 4237 conderetRornam.
1073 4161 1169 4229 Unde

67 4248 226 4321 luvenalis:
256 4254 304 4319 Et
324 4265 438 4319 tumen
457 4265 497 4320 nt
515 4255 616 4340 longe
634 4266 768 4342 repetes
783 4257 949 4342 longeque
963 4249 1114 4318 revolvas
1131 4282 1173 4297 -

68 4353 189 4420 annun,
217 4336 262 4403 uh
282 4336 410 4423 injcmi
427 4350 568 4428 gentem
588 4338 729 4404 deducis
749 4340 858 4424 asylo.
1179 4365 1213 4415 ιο

296 4465 360 4542 61.
413 4470 584 4546 Pholus
622 4484 663 4547 et
695 4469 934 4547 Hercules.
1022 4502 1025 4509 ’

141 4587 282 4661 ΡΙιοΙοὲ,
309 4587 383 4655 siha
409 4587 615 4671 'thamna
642 4589 729 4658 dicta
749 4613 768 4655 a
789 4588 891 4657 Pholo
917 4590 1095 4661 Centauro,
1123 4584 1177 4670 qui

73 4690 132 4736 sam
164 4672 337 4753 incolebam
367 4673 444 4762 quia
472 4673 594 4741 Pholus
621 4688 784 4765 tempure,
823 4697 886 4762 quo
921 4674 962 4739 ab
997 4670 1177 4760 Eurystheo
