2640 5130
160 260 216 337 ao
494 260 675 367 ussup.
702 263 735 338 1.
791 261 858 339 us.
884 265 950 343 uc.

161 444 296 516 obsedit
336 446 383 515 Et
407 469 504 536 quum
531 471 590 539 per
614 447 776 516 sublicium
799 462 945 538 pontem,
974 451 1038 519 hoc
1059 463 1108 522 est
1133 450 1285 539 lignenm,

161 534 296 602 transire
324 546 507 614 conaretur,
536 533 622 601 solus
644 534 760 602 Cocles
780 534 925 603 hostilem
952 535 1103 625 impetum
1129 538 1285 619 sustinuit,

163 618 267 685 donec
286 643 306 684 u
327 631 420 720 tergo
443 642 523 706 pons
541 621 714 687 solveretur
732 644 752 686 a
772 621 875 687 sociis.
916 620 990 695 Quo
1010 622 1131 700 soluto,
1155 646 1192 690 se
1210 646 1285 690 cum

164 704 257 783 armis
290 704 504 793 praecapitavit
538 704 571 771 iu
602 705 765 785 Tiberim3
810 718 844 772 et
877 705 953 772 licet
984 705 1089 775 laesus
1123 707 1156 772 in
1191 731 1284 790 coxa,

139 801 269 857 numen
287 793 406 856 tluenta
425 791 591 878 superavit
633 790 727 857 Unde
748 800 797 856 est
815 789 890 858 illud
910 792 951 858 ab
972 815 1011 858 eo
1032 792 1167 872 dictum,
1188 816 1285 881 quum

163 876 193 941 ei
214 876 246 941 iu
268 876 401 942 comitiis
422 897 522 942 coxae
543 875 652 942 ‘vitium
673 875 874 965 objiceretur.
916 876 989 940 Per
1013 876 1171 965 singulos
1222 901 1285 943 ra-

161 960 229 1025 dus
255 959 438 1025 admoneor
465 959 636 1047 triumphi
661 962 742 1025 urei.
782 959 820 1026 Iu
842 972 961 1028 tantam
980 974 1086 1028 antem
1114 962 1181 1028 obsi
1206 964 1285 1032 mnis

162 1043 382 1111 necessitatem
401 1043 534 1134 populns
551 1056 696 1125 venerat,
722 1057 758 1113 nt
778 1057 813 1112 et
832 1045 960 1112 obsides
981 1045 1086 1115 daret:
1111 1069 1150 1113 ex
1170 1049 1285 1135 ¹‹pribus

163 1129 301 1209 Cloelia,
330 1129 454 1198 inventa
474 1130 658 1205 ocmsiom,
688 1131 892 1198 transnatavit
911 1131 1058 1211 flurium,
1093 1143 1128 1199 et
1145 1131 1284 1201 Romam

120 1225 289 1283 toreversa
315 1227 374 1283 est.
414 1215 510 1283 Pacis
533 1216 608 1304 lege
632 1237 715 1304 quae
739 1215 862 1284 redditu
884 1238 993 1284 rursus
1018 1229 1083 1297 est,
1110 1238 1181 1283 eam
1202 1218 1285 1284 Por·

162 1323 262 1369 senua
289 1311 461 1390 repetente.
478 1302 556 1376 1Qui
584 1299 757 1369 admiratus
785 1301 931 1368 virtutem
982 1302 1100 1377 uellae,
1137 1300 1227 1370 dedit
1254 1305 1283 1370 ei

162 1410 184 1452 o
206 1386 338 1466 tionem,
366 1398 403 1453 ut
420 1408 492 1453 eum
513 1387 627 1476 quibus
647 1385 755 1466 vellet,
775 1384 904 1455 rediret.
1020 1385 1119 1473 elegit
1135 1387 1284 1474 virgines.

196 1471 258 1537 nde
277 1471 460 1552 Porsenna,
488 1472 552 1539 hoe
578 1493 706 1559 qnoque
730 1470 876 1552 miratus,
903 1474 1076 1550 concessit,
1104 1481 1138 1538 et
1161 1474 1286 1559 rogavit

162 1578 222 1646 per
246 1555 365 1623 litteras
385 1557 534 1645 populum
554 1559 751 1636 Romanum,
777 1570 814 1624 nt
833 1557 863 1623 ei
884 1557 1000 1646 aliquid
1026 1555 1111 1625 virilu
1133 1554 1286 1625 decerne-

121 1652 261 1711 15retur.
313 1641 374 1707 Cui
402 1643 477 1711 data
505 1656 555 1714 est
583 1655 691 1713 statua
719 1643 892 1732 equestris,
930 1666 1026 1733 quam
1054 1643 1088 1709 iu
1115 1664 1208 1710 sacra
1237 1643 1287 1711 via

159 1726 257 1795 hodie
276 1727 496 1818 conspicimus.

514 1883 582 1961 75.
634 1887 936 1986 Hymenaeus.

246 2010 279 2079 Η
336 2033 472 2093 eruens,
513 2033 594 2101 puer
627 2012 890 2090 formosissimus,
959 2029 1055 2077 encre
1090 2009 1286 2080 Atheniensis

164 2094 231 2164 suit
272 2034 421 2186 Adhnum
442 2120 540 2165 annos
563 2099 688 2186 puerilis
713 2098 824 2166 aetatis
845 2117 923 2163 exce
947 2105 1031 2174 eret,
1058 2116 1161 2185 neque
1180 2096 1286 2163 adbuc

122 2183 263 2250 rourum
290 2183 419 2333 implere
443 2193 569 2272 posset,
598 2206 637 2249 ea
659 2182 888 2272 pulchritudine
907 2181 1068 2269 praeditus
1091 2182 1285 2282 suissedici-

163 2281 233 2342 tur,
270 2279 305 2336 ut
346 2269 479 2335 eminam
510 2269 701 2337 mentiretur.
758 2269 857 2336 Istum
911 2289 983 2331 num
1011 2288 1075 2332 nna
1101 2290 1140 2333 ex
1167 2268 1285 2334 crribus

163 2353 245 2434 suis,
264 2356 354 2440 virgo
372 2354 499 2437 nobilis,
520 2355 714 2434 adamasset,
734 2356 819 2442 ipse,
839 2375 870 2419 m
913 2349 1051 2417 iocribus
1066 2364 1153 2420 ortus
1172 2373 1286 2440 paren·

163 2439 264 2518 tibus,
289 2441 362 2529 qnia
381 2442 503 2544 nuptias
523 2440 727 2527 desperabat,
756 2437 843 2541 qnod
864 2449 990 2540 ppternt
1008 2449 1131 2515 tumen,
1151 2436 1286 2587 puellam

164 2535 304 2592 extrema
331 2548 446 2593 amorrs
472 2526 553 2593 linea
579 2525 730 2604 dilieeus,
758 2547 825 2615 ejus
848 2545 952 2591 animo
978 2521 1046 2589 solo
1074 2523 1149 2590 satis
1163 2522 1288 2590 aciebat

122 2615 306 2711 asaspectu.
363 2611 532 2714 Quumque
561 2580 679 2678 nobiles
718 2609 864 2710 feminae·
886 2607 1162 2757 cumdrirginibns
1193 2630 1288 2674 sacra

165 2694 295 2847 3⁰22?
308 2695 518 2862 tilitas„
536 2694 957 2870 ttt‘tt'tryrzlltr
981 2704 1287 2866 tt‘lurltt‘ll

165 2802 353 2935 snhsecutns
367 2866 498 2949 luerat,
539 2890 611 2933 cum
637 2864 738 2954 puella
765 2865 926 2954 abripitur.
975 2863 1080 2937 Quum
1104 2863 1202 2951 igitur
1251 2884 1313 2942 er,

164 2949 337 3052 longinqua
372 2954 470 3020 maria
504 2950 656 3041 praedam
692 2952 812 3040 piratae
843 2949 1018 3030 venissent,
1055 2947 1097 3015 ad
1128 2971 1287 3036 quanam

122 3043 329 3124 ³⁰regronem
354 3036 480 3106 tandem
509 3037 708 3126 perveniunt,
740 3038 792 3103 ubi
813 3047 846 3103 et
870 3056 994 3135 sompo·
1011 3033 1181 3135 pressi-ab·
1202 3034 1285 3136 inse-

165 3122 332 3209 quentibus
364 3134 438 3191 sunt
464 3125 605 3213 peremti.
648 3125 870 3212 Hymenaeus,
897 3119 1011 3184 relictus
1039 3119 1081 3184 ilu
1103 3120 1285 3205 virginibus,

166 3229 313 3274 reversus
335 3207 489 3291 Athenas,
516 3223 627 3297 paetus
655 3223 704 3274 est
724 3233 742 3274 u
761 3209 878 3272 civibus
897 3203 1032 3270 dilectae
1055 3223 1132 3268 suae
1152 3205 1287 3292 nuptias,

165 3293 193 3357 si
223 3292 268 3357 eis
298 3292 377 3361 lilias
406 3316 480 3362 snas
509 3296 698 3362 restitueret.
755 3292 843 3367 Quas
871 3289 924 3355 ubi
955 3310 1014 3377 pro
1041 3298 1113 3354 roto
1141 3289 1286 3369 restitnit,

167 3388 345 3479 exoptatam
364 3381 488 3484 accepit
502 3402 642 3446 uxorem.
683 3377 778 3452 Quod
798 3372 1155 3478 conjuginm··qnia·selix
1173 3373 1287 3458 lucrat,

124 3462 282 3551 anplucurt
304 3464 544 3533 Atheniensibus
566 3485 680 3529 nomen
703 3464 880 3554 Hymenaei
900 3472 1014 3549 nuptus
1034 3480 1177 3526 munere.

390 3634 458 3711 76.
511 3634 720 3736 Orpheus
748 3647 789 3709 et
815 3631 1080 3734 Eurydices

251 3764 419 3856 Orpheus,
448 3764 571 3914 Oeapri
599 3776 632 3832 et
653 3761 813 3850 Calliopae
834 3760 946 3826 Musae
971 3757 1069 3837 filins,
1100 3763 1138 3823 ut
1160 3752 1311 3857 quidaru¹

167 3862 297 3939 putant,
329 3850 476 3941 Apollinis
505 3851 599 3916 fiiam
632 3849 742 3915 habuit
772 3867 904 3912 uxorem
933 3844 1003 3912 Eur
1024 3842 1126 3909 dicen.
1182 3840 1289 3915 Quum

168 3938 245 4003 dum
268 3936 445 4016 Aristaeus,
475 3936 617 4025 Cyrenes
641 3934 740 4012 lilius,
768 3944 893 4023 pastor.
921 3868 1053 4019 cupidus
1080 3925 1289 4015 persequitur,

127 4022 275 4087 lovolens
296 4045 367 4090 enm
387 4035 550 4108 stuprare,
569 4020 619 4086 illa
641 4020 766 4107 fugiens
788 4016 1006 4097 concubitum,
1026 4022 1204 4100 serpentem
1225 4031 1288 4075 uon

168 4106 332 4187 devitavit3
367 4118 400 4174 et
426 4106 506 4172 haec
533 4107 562 4173 ei
587 4128 683 4172 nausa
712 4106 819 4172 mortis
847 4102 914 4169 snit
965 4099 1130 4190 Orpheus,
1159 4107 1290 4197 coactus

167 4191 324 4259 desiderio
352 4191 513 4279 conjugis,
547 4191 676 4259 tentavit
701 4188 868 4256 dulcedine
895 4197 1006 4255 cantus
1035 4184 1174 4250 citharae
1193 4180 1292 4246 lenire

166 4278 275 4348 Ditem
295 4291 334 4346 et‘
348 4278 587 4366 Proserpinam,
609 4276 634 4345 si
657 4290 764 4366 posset
782 4271 964 4364 Eurydicen
976 4270 1028 4339 'ud
1047 4288 1180 4358 superos
1202 4287 1293 4332 revo-
