2692 4762
190 160 268 280 iro
466 204 646 307 numaga.
672 206 725 280 11.
780 203 924 284 roa-
946 206 1040 283 ruo.

159 363 165 379 Ι
193 410 304 494 uersae
329 410 403 457 suos
429 387 665 492 iuterfecerunt
706 389 783 458 Sola
811 391 866 482 Hy
890 352 1067 462 ermnestrs
1094 372 1230 483 Lycisco
1252 413 1316 460 ms·

194 477 600 648 pppplesrqupspeoppppuna
607 487 868 628 Oll'ircioiieeins
888 475 1318 651 :piridsinldioirliidnpdddi

197 645 343 713 dicuntur
377 643 561 724 damnatae,
601 656 635 711 ut
676 667 792 733 aquam
823 645 907 716 dolio
944 658 1073 737 pertuso
1106 645 1317 726 infundentes,

174 752 369 820 enumquam
387 728 503 797 laboris
524 731 619 797 finem
641 742 829 798 mereantur.

585 918 678 994 rus.
732 921 942 1023 Tityus.

280 1052 413 1141 Tityus,
441 1050 566 1116 Terrae
588 1049 687 1126 lilius,
715 1057 823 1115 tantae
844 1047 903 1115 luit
923 1048 1168 1136 magnitudinis,
1199 1061 1237 1119 ut
1255 1074 1321 1118 sm·

219 1136 349 1204 litudine
376 1136 424 1202 sui
455 1136 597 1223 corporis
627 1156 738 1201 rnorem
766 1132 878 1234 ‘ugera
897 1147 1079 1222 occuparet
1121 1136 1188 1202 Hic
1208 1138 1321 1204 amarit

199 1161 374 1303 iaatonam3
407 1234 537 1311 propter
566 1218 654 1308 quod
680 1217 827 1321 Apolinrs
859 1219 1000 1287 confixus
1033 1233 1083 1289 est
1112 1220 1256 1309 sagittis,
1290 1235 1321 1289 et

160 1305 456 1458 rudamnatquhao
485 1302 672 1407 lpgeapud
700 1304 837 1457 ruppppm
873 1314 908 1371 ut
933 1302 1054 1388 vultur,
1083 1307 1321 1376 renascentibus

202 1412 328 1483 semper
393 1413 453 1470 ns,
479 1414 546 1482 eyus
562 1411 656 1480 Jecur
675 1411 733 1457 exe

546 1580 641 1657 105.
694 1580 972 1705 Sisyphus.

287 1710 393 1787 Quum
429 1710 512 1778 inter
548 1710 613 1777 duo
644 1712 758 1790 maris,
797 1709 987 1800 Sisypheum
1021 1707 1166 1780 videlieet
1196 1720 1229 1780 et
1257 1709 1320 1778 Le

206 1798 358 1870 chaeum,
390 1796 523 1884 positum
554 1805 692 1863 montem
719 1796 873 1887 Sisyphus
902 1795 1021 1863 crudeli
1041 1795 1203 1865 latrocinio
1226 1818 1322 1864 occu·

165 1893 329 1972 sapasset,
349 1880 491 1948 hominos
511 1892 765 1968 praetereuntes,
786 1882 900 2041 ἰιιᾶοιιε
920 1903 1031 1948 saxum
1051 1903 1216 1970 snpereus
1230 1903 1321 1986 prae

207 1965 382 2056 cipitnndo,
411 1965 519 2033 solitus
548 1978 617 2034 erat
643 1987 768 2034 necare.
844 1964 907 2032 uod
925 1966 1028 2034 scelus
1048 1963 1188 2047 luendo,
1209 1963 1323 2034 drcrtur

205 2051 293 2141 apud
329 2052 446 2117 inseror
482 2062 592 2117 contra
624 2052 739 2118 montis
769 2052 919 2119 uerticem
950 2073 1060 2119 suum
1090 2049 1230 2130 volvere,
1260 2074 1322 2139 quo

206 2159 333 2225 semper
362 2135 486 2225 elapso,
519 2159 687 2226 numquam
717 2135 858 2202 volvendi
886 2136 995 2204 labore
1017 2136 1158 2225 quiescit.
1199 2134 1324 2205 Dicitur

208 2236 314 2290 nutem
333 2219 417 2288 idem
438 2222 610 2311 Sisyphus,
639 2223 736 2294 Jove.
763 2244 799 2286 re
821 2221 1016 2308 Aeginam,
1039 2221 1148 2308 Asopi
1158 2219 1324 2309 flnrnirrr's

165 2304 339 2394 nufiliom,
368 2307 546 2393 rapuisse,
575 2307 633 2395 ipsi
661 2307 828 2385 contessa,
862 2307 924 2372 hoc
945 2306 1107 2393 quaerenti
1127 2303 1210 2393 patri
1228 2304 1325 2372 infida

211 2391 336 2458 levitate
365 2390 556 2477 prodidisse,
590 2394 684 2471 etch
709 2392 772 2457 hoc
792 2391 844 2458 tuli
868 2388 953 2492 apud
973 2390 1092 2457 inferos
1114 2411 1217 2479 pocus
1235 2389 1325 2459 dum·

209 2487 302 2543 nutus
328 2498 408 2542 esse.
450 2477 536 2542 Sane
565 2474 608 2541 de
628 2475 675 2543 his
696 2478 840 2543 omnibns
861 2498 939 2541 mrre
961 2475 1066 2542 reddit
1085 2474 1239 2543 rationem
1259 2475 1325 2542 Lu-

210 2563 345 2642 cretius,
377 2562 578 2640 confirmans,
599 2562 630 2625 in
653 2574 759 2629 nostra
781 2562 843 2627 vita
863 2584 934 2627 esse
955 2561 1079 2639 omnia,
1099 2582 1182 2648 quae
1200 2560 1326 2649 lingun-

212 2659 263 2715 tur
290 2645 332 2711 de
357 2646 473 2713 inseris.
520 2647 607 2713 Dicit
634 2669 786 2734 namque,
819 2645 949 2734 Tityum
978 2667 1118 2712 umorem
1145 2667 1234 2724 ase,
1265 2645 1326 2712 hcc

169 2744 262 2799 tuest
289 2731 461 2810 libidinem,
492 2754 575 2818 quae
594 2731 765 2797 secundum
789 2730 934 2819 physicos
957 2741 990 2798 et
1010 2729 1150 2797 medicos
1167 2730 1199 2795 iu
1215 2730 1326 2818 jecore

211 2828 279 2895 est,
310 2818 392 2885 sicut
419 2818 499 2882 risus
529 2818 560 2883 in
589 2817 714 2902 splene,
748 2817 909 2883 iracundia
936 2817 968 2882 in
998 2816 1085 2883 selle:
1119 2813 1204 2880 trude
1233 2817 1325 2883 etiam

212 2926 339 2970 exesum
362 2925 381 2967 a
403 2901 539 2983 vulture,
569 2899 684 2968 dicitur
713 2903 742 2966 in
776 2925 909 2986 poenam
940 2901 1071 2967 renasci.
1114 2900 1241 2967 Etenim
1263 2902 1327 2966 libi·

213 2988 275 3053 dini
297 3010 359 3054 non
381 2988 499 3055 sufficit
518 3009 568 3053 res
590 2985 685 3053 semel
709 2999 855 3075 peracta,
888 2985 946 3052 sed
975 2983 1169 3052 recrudescit
1194 3008 1328 3088 semper.

212 3073 300 3141 Dicit
316 3074 408 3141 etiam
429 3073 617 3147 Lucretius,
648 3094 705 3159 per
726 3094 797 3148 eus,
824 3094 920 3160 super
940 3071 1098 3160 qnosjam
1119 3092 1252 3136 casurus
1272 3094 1329 3136 rm·

170 3159 310 3227 nominet
330 3159 407 3248 lapis
426 3157 653 3260 superstando,
673 3157 833 3243 designari
843 3158 904 3244 qui
924 3157 1058 3222 inaniter
1078 3176 1204 3258 semper
1220 3178 1329 3221 resen-

214 3257 284 3322 tur,
312 3256 344 3311 et
370 3242 412 3308 de
441 3242 499 3307 dris
521 3256 553 3310 et
572 3243 660 3309 caelo
682 3243 761 3308 male
782 3244 955 3330 opinantur.
997 3241 1079 3307 Num
1101 3240 1239 3328 religiosi
1259 3252 1330 3308 sunt

214 3329 268 3416 qui
286 3350 344 3417 per
362 3329 567 3395 reverentiam
588 3328 706 3396 timent.
750 3328 814 3393 Per
838 3350 893 3394 eos
915 3338 1037 3407 autem,
1060 3325 1112 3413 qui
1135 3348 1245 3392 surum
1267 3327 1329 3392 vol-

215 3426 309 3492 vunt,
335 3414 485 3479 ambitum
512 3413 575 3479 vult
602 3424 635 3479 et
656 3410 812 3501 repulsam
833 3411 1018 3500 significari,
1053 3410 1127 3498 quia
1155 3410 1253 3477 semel
1280 3433 1328 3478 re

170 3498 295 3650 ⁸⁶pulsi
317 3499 465 3651 petppotres
487 3499 606 3565 ambire
626 3519 688 3563 uon
710 3497 864 3564 desinunt
892 3497 959 3565 Per
978 3507 1080 3563 rotam
1099 3506 1205 3565 nutem
1226 3508 1330 3565 osten

238 3597 261 3653 rt
283 3605 367 3671 nego
392 3605 506 3651 acres.

616 3745 708 3819 106.
762 3744 935 3819 Ixion.

297 3879 405 3955 ixion,
434 3875 598 3976 Phlegyae
619 3872 715 3948 filius,
744 3872 914 3959 imperator
937 3870 1165 3957 Lapitharum,
1192 3870 1338 3963 Thessa.

214 3965 295 4030 licae
322 3964 444 4053 gentis,
476 3961 680 4027 amicissimus
708 3959 794 4034 Jovi,
828 3980 924 4044 quum
955 3956 1043 4021 venia
1072 3957 1139 4044 ejus
1160 3956 1191 4021 iu
1215 3955 1332 4023 caelum

215 4050 384 4117 translatus
414 4048 538 4126 luisset,
568 4046 724 4112 lunonem
757 4041 798 4108 de
817 4057 926 4128 stupro
946 4040 1143 4129 interpellare
1160 4048 1260 4106 ausus
1277 4053 1331 4106 est

175 4134 309 4209 ⁴⁰Quae
330 4135 372 4201 de
393 4131 525 4200 audacia
544 4130 611 4219 ejus
635 4141 807 4215 conquesta
826 4128 915 4203 Jovi,
939 4125 1093 4193 suadente
1114 4129 1199 4215 ipsc,
1221 4147 1278 4214 pro
1298 4145 1332 4188 se

216 4222 332 4289 nubem
361 4220 389 4285 ei
421 4216 584 4306 opposuit,
613 4236 684 4281 cum
711 4237 772 4303 qua
794 4211 882 4279 Ision
904 4212 1089 4292 corrcubuit3
1125 4209 1209 4278 uude
1236 4207 1330 4296 geniti
