2640 5130
549 549 833 610 PROOEMIUM.
1204 563 1253 617 l'll

86 726 246 829 eohgo,
288 748 392 824 quac
416 731 471 796 tot
495 722 692 797 criticorum
715 724 752 795 iu
777 721 960 823 Hyginum
991 722 1250 802 lucubrationes

85 833 220 930 purtim
250 824 512 923 complectitur
532 827 655 922 partim
679 827 851 900 nominat:
886 823 930 897 de
953 825 1051 925 cujus
1074 850 1177 925 opere
1197 831 1250 903 sic

85 932 238 1008 demum
273 927 428 1001 videtur
459 937 552 998 recte
586 929 713 1019 statui,
758 939 798 999 ut
828 927 976 1025 epitome
1004 928 1171 1025 quaedam
1205 957 1249 1003 ex

88 1032 270 1132 ampliore
301 1053 351 1100 ae
385 1027 571 1099 vetustiore
600 1026 874 1127 mythograplro,
910 1029 1031 1126 primis
1055 1033 1132 1102 aevi
1155 1030 1247 1104 chri·

88 1136 193 1211 ethni
220 1129 392 1205 succulis
418 1130 674 1221 consarcinata,
701 1143 735 1201 et
757 1129 893 1228 Hygini
914 1132 1055 1202 uomine'
1071 1129 1245 1226 decorata,

89 1236 135 1309 ad
167 1260 245 1310 nos
280 1231 504 1330 pervenerit.
565 1230 671 1302 Nunc
703 1233 882 1304 vuccanus
912 1230 1078 1330 Hyginus
1109 1232 1153 1304 ab
1186 1232 1248 1308 illc

91 1337 188 1412 edito
216 1335 352 1408 differt
380 1329 530 1404 dictione
555 1341 647 1423 tota,
685 1329 880 1404 fabularum
903 1331 1044 1424 ordine,
1080 1331 1247 1408 librorum

89 1463 270 1529 numero,
304 1459 428 1506 rerum
447 1432 549 1503 etiam
568 1433 723 1529 ipsarum
741 1458 886 1531 genere:
915 1435 1039 1506 etenim
1058 1433 1116 1506 ille
1134 1434 1259 1508 editus·

90 1565 249 1641 graecu
275 1546 420 1608 tautum
443 1530 577 1604 fabulas
596 1531 717 1626 habet,
742 1536 920 1606 vaticanus
940 1559 1100 1607 romanas
1122 1536 1246 1609 multas

90 1641 222 1713 inserit
249 1636 491 1710 narrationes.
543 1623 734 1707 Auctorem
749 1635 921 1733 'Hyginus
943 1634 1053 1708 editus
1076 1638 1246 1710 neminem

90 1741 165 1817 fere
183 1739 434 1814 recentiorem
450 1761 554 1809 aureo
571 1736 709 1808 saeculo
727 1735 867 1808 laudare
885 1734 1019 1807 videtur
1025 1764 1037 1830 3
1065 1738 1245 1810 vaticanus

93 1855 215 1916 autem
247 1839 304 1911 ad
333 1836 502 1923 Orosium
530 1862 640 1935 usque
669 1837 906 1936 progreditur,
942 1835 1041 1933 cujus
1069 1836 1246 1912 christiani

95 1944 265 2017 historici
299 1964 432 2012 nomeu
464 1940 501 2008 in
532 1936 649 2010 fabula
678 1937 841 2011 CCXIX
868 1936 1038 2035 legimus:
1079 1940 1142 2010 etsi
1172 1940 1245 2037 ipse

96 2046 279 2144 Hyginus
302 2041 487 2112 vaticanus
505 2038 637 2110 nullum
655 2065 838 2137 umquam,
867 2039 932 2109 nisi
952 2035 1108 2110 ethnicae
1125 2065 1245 2136 saper-

98 2146 258 2219 stitiouis
280 2140 454 2214 iudicium
474 2165 555 2236 prae
572 2166 609 2211 se
629 2140 708 2212 fert.
762 2141 923 2213 Servium
942 2139 1108 2237 Hyginus
1130 2151 1246 2212 noster

98 2245 318 2320 nominatim
349 2267 537 2338 numquam
575 2238 748 2338 appellat3
795 2241 910 2313 locum
948 2252 1061 2310 tamen
1099 2238 1173 2338 ejus
1209 2243 1246 2312 in

99 2347 227 2421 fabula
250 2342 429 2416 LXXIV
449 2354 483 2414 et
503 2341 589 2414 alios
612 2341 693 2412 alibi
714 2341 780 2412 sibi
803 2341 968 2413 vindicat.
1022 2341 1243 2439 Fulgentium

99 2473 255 2547 prorsus
290 2447 442 2543 ignorat.
505 2443 602 2515 Hinc
631 2442 746 2514 nullus
777 2442 915 2537 dubito,
952 2445 1036 2538 quin
1067 2445 1246 2515 vaticanus

99 2550 283 2649 Hyginus
323 2549 360 2617 in
402 2546 523 2640 quinto
555 2543 695 2618 ‘Christi
733 2544 870 2617 saeculo
911 2544 1131 2617 collocandus
1163 2543 1245 2643 jure

102 2653 310 2745 meritoque
340 2645 426 2716 sit.’'
1298 2656 1302 2673 ¹

183 2749 264 2822 111.
306 2747 456 2821 “Venio
491 2746 535 2817 ad
569 2744 860 2845 mythographum
894 2747 1060 2840 alterum,
1109 2748 1169 2844 qui
1208 2745 1245 2818 iu

105 2865 264 2947 utroque
303 2847 423 2920 codice
460 2860 511 2920 est
545 2874 758 2945 anonymus,
804 2846 1029 2918 christianum
1063 2861 1176 2918 autem
1208 2851 1246 2919 in

105 2950 320 3051 prohoemio
344 2959 452 3020 semet
476 2949 610 3045 prodit3
644 2959 678 3020 et
703 2947 897 3019 fabularum
924 2959 1102 3019 numerum
1129 2973 1244 3045 parem

107 3055 184 3127 lere
218 3052 370 3150 llypino
402 3051 546 3141 retinet,
589 3052 692 3121 unico
724 3061 839 3120 tamen
871 3047 960 3121 libro
994 3051 1241 3121 continuatum.

104 3152 279 3227 Priorem
312 3150 370 3222 hic
400 3153 474 3222 sine
501 3149 607 3222 dubio
632 3150 761 3247 expilat
789 3148 1099 3249 mythopraphunr,
1135 3174 1244 3246 quau·

261 3255 364 3324 etiam
395 3250 440 3322 ad
466 3251 634 3324 litteram:
675 3252 712 3322 iu
742 3250 915 3348 plerisque
943 3262 1056 3323 tamen
1087 3249 1246 3322 omnibus

109 3356 156 3429 ab
180 3354 307 3429 eodem
328 3353 512 3451 discrepat.
564 3354 678 3425 Porro
699 3351 782 3422 mihi
804 3350 847 3423 de
868 3352 936 3424 lroc
958 3378 1129 3449 anonymo
1151 3353 1245 3448 cogi·

110 3459 204 3531 tanti
226 3460 272 3531 cn'
295 3456 413 3552 opinio
433 3454 533 3526 valde
558 3456 710 3525 animum
736 3452 890 3544 obsedit,
919 3454 1137 3525 Lactantium
1160 3452 1245 3524 Plu·

111 3558 258 3646 cidum,
293 3557 354 3652 qui
379 3581 487 3652 aeque
513 3555 719 3627 christianus
749 3553 836 3645 suit,
871 3552 974 3653 hujus
1000 3552 1142 3625 secundi
1170 3579 1244 3650 my·

114 3659 266 3756 tlrologii
287 3682 365 3728 esse
386 3667 575 3729 auctorem.
628 3653 731 3727 Certe
751 3657 811 3752 qui
828 3655 964 3727 Placidi
985 3656 1244 3727 commentarios

113 3761 158 3830 ad
186 3772 376 3853 utrumque
400 3756 504 3830 Statii
530 3783 669 3856 poema,
696 3759 845 3852 itemque
871 3756 1024 3853 ejusdem
1050 3754 1244 3825 fabularum

115 3860 359 3932 oridiaucrum
383 3861 613 3947 narrationes,
642 3883 721 3928 curn
746 3856 998 3954 mythopraplro
1021 3868 1137 3929 nostro
1163 3881 1245 3927 cou-

115 3961 254 4051 tulerit,
282 3985 354 4031 non
372 3949 450 4032 dico
474 3958 730 4031 similitudinem
750 3958 810 4028 sed
830 3958 971 4030 eandem
1002 3983 1246 4054 saepenumero

115 4090 188 4135 rem
211 4062 378 4133 inveniet.
431 4059 484 4133 At
508 4062 598 4133 enirn
624 4061 725 4156 primi
751 4084 887 4157 quoque
913 4057 1155 4158 mytlropruplri
1177 4083 1246 4127 uon

115 4163 223 4235 semel
257 4173 394 4253 textus,
436 4186 645 4259 quamquam
677 4161 812 4259 Hygini
845 4186 969 4231 nomen
995 4159 1128 4257 jactat,
1167 4184 1246 4229 cum

118 4263 257 4337 Placidi
286 4263 424 4358 scriptis
450 4264 629 4360 congruit:
666 4261 764 4360 cujus
795 4263 844 4332 rei
870 4262 1040 4357 duplicem
1067 4261 1138 4332 iere
1165 4286 1246 4330 cau·

117 4392 189 4436 sam
217 4361 360 4436 credere
383 4362 464 4435 licet
473 4392 485 4459 3
517 4375 590 4436 tum
617 4363 696 4461 quia
722 4365 882 4434 nimirum
904 4362 1070 4434 Placidus
1091 4361 1247 4458 plagiarii

120 4492 214 4539 more
238 4490 279 4536 se
300 4465 461 4560 gesserit,
491 4490 659 4561 quocum
682 4466 764 4535 uitio
785 4462 950 4536 Barthius
974 4463 1053 4534 adr.
1077 4462 1138 4532 tio.
1159 4460 1244 4548 Lll,

125 4563 171 4641 15
203 4563 365 4640 laborare
394 4564 653 4661 animadvertit,
699 4576 769 4638 turn
800 4566 880 4664 quia
912 4565 1055 4638 sortasse
1081 4560 1248 4637 Placidus
