2640 5130
145 575 224 651 151
443 580 621 685 lllyllrogr.
650 582 701 653 11.
758 576 1007 654 172-177.

440 761 531 835 172.
584 762 732 835 Arion
768 760 976 836 Lesbius.

230 884 482 974 Ariun'Lesbius
502 885 703 955 citharoedus
725 887 860 976 optimus
883 887 950 956 luit
994 890 1056 966 Qui
1088 896 1183 994 quum
1206 890 1272 955 'I'a-

145 981 235 1038 rento
257 970 442 1037 Corinthum
464 994 534 1039 cum
557 972 660 1039 multis
681 985 806 1061 peteret
825 971 954 1060 opibus,
986 989 1020 1042 et
1048 975 1106 1042 sibi
1134 977 1166 1040 in
1196 977 1273 1041 mari

145 1056 231 1123 tendi
253 1078 273 1122 a
294 1056 395 1122 nautis
415 1054 542 1123 insidias
564 1056 693 1139 rideret,
722 1058 820 1145 petiit,
841 1069 879 1124 ut
896 1058 1016 1126 cithara
1037 1059 1194 1148 paululum
1218 1084 1273 1126 ca-

120 1155 221 1207 sners
241 1141 299 1207 sibi
319 1140 436 1208 liceret.
479 1142 552 1216 Quo
575 1142 677 1221 facto,
711 1165 808 1231 quurn
834 1142 875 1210 ad
902 1143 981 1210 illius
1003 1168 1113 1212 sonum
1135 1144 1274 1232 delphini

144 1225 378 1315 convenissent,
407 1227 547 1294 excussit
574 1250 611 1294 se
634 1250 730 1317 super
752 1250 865 1308 unum,
897 1239 930 1296 et
948 1230 992 1298 ita
1014 1231 1056 1298 ad
1076 1231 1272 1297 Taenarium

142 1311 217 1390 litus
237 1322 362 1394 vectus,
383 1310 546 1380 imminens
568 1314 672 1382 vitarit
691 1313 872 1403 periculum
979 1366 988 1378 .
1010 1400 1011 1404 ¹

350 1440 395 1572 ,Ι
495 1498 588 1574 175.
640 1484 916 1575 Arethusa.
1015 1544 1020 1559 .

227 1623 383 1694 Arethusa
410 1624 584 1694 secondum
614 1626 733 1696 fabulas
757 1630 896 1696 venatrix
919 1626 985 1695 luit
1026 1626 1118 1701 Quae
1139 1621 1214 1690 dum
1236 1646 1272 1689 se

103 1705 175 1774 loin
196 1707 231 1776 Al
255 1712 316 1776 lieo
350 1724 424 1800 post
456 1712 595 1778 laborem
623 1713 784 1795 ablueret,
820 1715 860 1781 ab
887 1737 927 1779 eo
957 1711 1105 1779 adamata
1136 1723 1201 1791 est;
1241 1720 1272 1775 et

142 1791 198 1859 diu
233 1796 362 1882 ugiens,
393 1796 525 1886 deorum
547 1799 747 1864 miseratione
766 1801 798 1865 in
823 1799 940 1867 sontem
962 1808 1098 1877 mutata,
1125 1793 1165 1861 ad
1194 1795 1274 1860 Sici-

140 1877 215 1946 liam
249 1903 308 1969 per
340 1893 482 1949 secretos
508 1883 592 1949 venit
620 1894 752 1951 meatus.
803 1883 907 1958 Quam
934 1883 1072 1971 Alpheus
1102 1902 1202 1967 usque
1235 1879 1276 1944 url

143 1964 281 2033 Siciliam
301 1964 416 2035 dicitur
435 1970 598 2057 persequi,
628 1982 661 2037 et
681 1967 774 2036 undis
795 1968 863 2058 ejus
885 1967 1089 2036 commisceri.

456 2131 547 2208 171.
601 2132 960 2236 Polyphemus.

99 2237 138 2328 lt
227 2258 443 2350 Polyphemus
465 2259 565 2350 cyclo
588 2284 604 2327 s
630 2260 745 2331 dicitur
770 2285 894 2332 amasse
907 2258 1086 2354 Nympham
1102 2254 1277 2322 Galateam.

142 2345 236 2419 Quae
256 2366 353 2433 quum
373 2347 450 2413 Acin
471 2283 628 2433 quenrllrm
652 2360 810 2434 pastorem
832 2361 973 2429 amaret,
993 2356 1027 2412 et
1046 2341 1277 2440 Polyphemum

142 2444 324 2516 sperneret,
355 2432 406 2497 ille
432 2433 530 2498 iratus
552 2431 630 2497 Acin
652 2435 794 2515 necavit,
826 2435 878 2522 qui
911 2445 1023 2522 postea
1045 2426 1200 2493 Galateae
1221 2450 1277 2490 mi-

141 2515 299 2582 seratione
320 2516 350 2579 in
375 2517 492 2583 fontem
520 2529 657 2584 mutatus
686 2530 750 2598 est,
784 2521 838 2608 qui
866 2519 960 2585 hodie
990 2516 1031 2581 ab
1060 2512 1158 2578 Aside
1184 2512 1278 2577 Acis

143 2600 330 2667 nominatur.
369 2600 599 2690 Polyphemum
620 2601 707 2671 multi
729 2603 839 2671 dicunt
857 2627 954 2670 unum
975 2598 1100 2667 oculum
1122 2597 1279 2676 babuisse,

99 2684 193 2753 aoalii
214 2683 313 2765 duos,
341 2684 392 2750 alii
413 2698 495 2768 tres3
523 2686 610 2774 quod
631 2700 734 2755 toturn
756 2690 932 2756 fabulosum
955 2698 1012 2754 est.
1053 2684 1136 2749 Nam
1161 2682 1212 2747 hic
1234 2682 1280 2744 vir

164 2768 401 2838 rudentissimus
430 2771 504 2850 suit,
534 2773 586 2861 qui
615 2774 657 2838 ob
678 2774 741 2840 hoc
759 2776 883 2841 oculum
903 2774 935 2839 in
957 2770 1061 2858 capite
1076 2769 1168 2858 juxta
1189 2789 1278 2830 cere-

142 2793 234 2923 lmm
266 2855 413 2923 habuisse
439 2855 572 2938 dicitur,
607 2859 681 2946 quia
712 2860 924 2948 perspicacius
954 2855 1139 2945 prudentia,
1182 2874 1278 2938 quam

143 2962 298 3095 porppreo
329 2941 444 3096 intulitrp
472 2963 605 3093 cernpre
631 2941 806 3099 sidebatpr.
847 2945 912 3010 Hic
924 2943 1014 3094 ¹paint
1028 2941 1068 3004 ab
1091 2937 1182 3003 Ulixe
1204 2956 1278 3024 pru-

167 3051 207 3095 en
233 3048 387 3114 usupera
410 3047 548 3110 uur,a
599 3050 640 3095 eo
661 3052 808 3098 caecans
830 3051 902 3097 esse
947 3046 1062 3115 ngrur.

100 3209 182 3260 as·
545 3195 638 3272 175.
693 3196 878 3297 Ceyx.

227 3322 443 3413 Ceyx,·filius
470 3324 630 3404 Luciferi,
662 3325 772 3393 habuit
794 3344 924 3389 uxorem
946 3318 1126 3406 alcyonem.
1170 3320 1280 3405 Aqua

142 3429 240 3510 quum
272 3408 447 3510 prohibitus
479 3410 557 3513 isset
586 3409 628 3512 agl
660 3407 886 3511 consulendum
920 3405 1091 3495 Apollinem
1123 3402 1165 3469 de
1196 3416 1280 3469 statu

142 3514 325 3665 ltltl‘
344 3493 652 3656 alllttllll?
678 3497 798 3646 nillil
825 3486 1282 3674 ll‘llalllllrllallllll

101 3661 264 3728 uoPostea
290 3662 491 3731 miseratione
520 3665 666 3731 Thetidis
695 3676 727 3731 et
753 3663 905 3728 Luciferi
924 3682 1065 3731 conversi
1094 3672 1168 3727 sunt
1186 3659 1281 3724 ambo

142 3747 174 3814 in
197 3769 270 3813 ares
292 3747 448 3829 marinas,
478 3770 562 3838 quae
582 3749 730 3837 alcyones
752 3760 912 3815 vocantur.

509 3910 603 3988 176.
657 3910 918 3988 Aesocus.
1058 3921 1060 3924 ’

228 4044 368 4108 Aesacos
397 4039 478 4105 filius
508 4039 629 4107 Priami
650 4041 717 4108 luit.
761 4041 826 4106 Hic
847 4063 883 4104 se
904 4035 1119 4127 praecipitavit
1140 4057 1160 4098 e
1180 4055 1283 4112 muro,

144 4147 205 4191 nec
226 4127 326 4213 periit.
367 4125 412 4191 Et
432 4147 528 4211 quum
549 4127 674 4213 saepius
698 4126 760 4190 hoc
783 4125 911 4196 laceret,
935 4123 1067 4188 deorum
1085 4121 1284 4186 miseratione

103 4214 177 4277 stin
192 4235 282 4279 arem
297 4233 405 4277 sersus
425 4222 491 4290 est,
513 4233 596 4299 quae
617 4211 790 4278 imitatione
810 4210 940 4298 pristina
963 4207 1069 4274 adhuc
1090 4205 1174 4271 idem
1197 4205 1282 4272 facit.

473 4373 566 4448 177.
621 4374 952 4477 Cyparissus.

231 4505 442 4593 Cyparissus,
471 4501 634 4589 speciosus
664 4524 762 4591 puer,
794 4501 870 4566 dum
888 4501 920 4566 in
942 4499 1015 4565 silva
1039 4510 1221 4574 venaretur,
1252 4498 1283 4562 in

147 4612 289 4659 amorem
312 4593 362 4659 sni
383 4586 554 4679 alpulliuem
572 4589 738 4676 compulit,
761 4608 857 4673 aquo
880 4587 1003 4673 accepit
1023 4608 1135 4652 murras
1158 4604 1284 4650 curum
