2640 5130
373 623 553 726 blathum.
568 627 613 737 ιΙ.
667 624 721 700 66
737 666 787 686 -
803 623 870 701 69.
888 648 890 651 ·
1132 628 1187 704 25

315 804 385 882 66.
438 808 588 928 (ἶειτειισι
613 823 654 886 et
686 808 926 888 Hercules.

130 937 253 1039 ‘Gneus
273 934 356 1004 tilius
380 935 512 1004 Vuieani
532 938 607 1014 fuit,
635 939 744 1025 ignem
765 961 826 1045 ore
843 959 990 1046 romena,
1011 943 1064 1031 qui
1084 943 1185 1045 vicina

55 1044 163 1125 omma
183 1021 543 1172 Quidamtamen
571 1025 728 1128 Heronio·
757 1027 882 1096 occrdrt
909 1027 1109 1130 ''Secundum
1131 1053 1184 1094 ve-

57 1120 184 1175 ntatem
224 1117 273 1174 art
297 1105 439 1173 Emoda
461 1128 574 1175 *servus
598 1133 752 1198 pessrmm
773 1124 806 1182 et
829 1112 897 1195 fur3
927 1125 961 1184 at
980 1110 1053 1180 rdoo
1074 1113 1184 1179 &aas

56 1193 192 1346 gagg,
212 1187 763 1365 {effugitig'affiemggarffltsooat
819 1197 933 1286 Ignem
968 1218 1026 1266 ora
1057 1216 1207 1267 romereo

180 1325 193 1357 ἱ

399 1495 467 1571 67.
519 1495 843 1601 Myrmidones.

140 1624 286 1702 Aeacus,
311 1620 401 1690 Jovis
426 1622 528 1705 fliius,
555 1647 651 1713 quum
677 1627 710 1694 ia
738 1628 854 1696 arbore
880 1628 932 1696 fici
955 1627 1119 1710 formicas,
1149 1626 1182 1695 id

61 1717 107 1774 est
120 1702 326 1810 μὺρμηκᾳς,
352 1706 645 1810 vicinonsptevit
673 1722 721 1793 tot
746 1712 806 1782 sibi
834 1712 938 1781 socios
963 1714 1097 1780 evenire.
1137 1713 1183 1783 Et

62 1804 163 1861 statam
194 1793 348 1858 formicae
372 1793 406 1859 ia
432 1794 572 1862 homines
602 1819 712 1865 versae
740 1810 822 1867 sunt
883 1798 948 1865 Sed
980 1799 1044 1866 boc
1078 1798 1181 1866 sabaia
1190 1816 1223 1865 10

61 1889 116 1944 ast
156 1877 260 1956 Nam,
291 1888 328 1944 ut
355 1877 582 1950 Eratosthenes
612 1881 710 1965 diota
742 1881 957 1975 Myrmidones
996 1881 1072 1952 dicti
1110 1898 1183 1954 suot

62 1984 180 2051 araga
195 1959 406 2051 Myrmidonas.

295 2178 365 2255 68.
417 2180 596 2286 Geryon
626 2196 669 2259 et
700 2184 941 2260 Hercules.

140 2312 275 2402 Geryon
311 2330 370 2377 rex
403 2307 521 2378 insulae
553 2311 706 2401 Erythiae
746 2311 792 2379 td
822 2310 997 2401 Hispaniae
1032 2308 1105 2388 suit,
1148 2321 1182 2388 et

64 2391 135 2459 ideo
154 2395 353 2484 tergeminus
373 2391 421 2460 rel
440 2395 597 2500 tricorpor
617 2396 749 2479 dicitur,
769 2396 843 2501 quia
863 2398 924 2465 tria
943 2395 1046 2485 capita
1062 2394 1221 2474 babuitls

64 2479 133 2563 (rei
162 2481 342 2548 secundom
372 2478 465 2560 alios,
497 2481 724 2584 qurnqoaginta
755 2493 815 2552 trra
845 2481 988 2571 capita),
1028 2478 1076 2546 rei
1107 2480 1182 2567 qaia

65 2565 159 2632 tribas
177 2566 287 2634 insutis
310 2565 489 2651 imperarit,
522 2567 569 2633 vai
600 2589 673 2655 qum
702 2580 767 2636 tres
798 2567 913 2634 fratres
944 2563 1181 2633 concordissimi
1210 2612 1224 2634 ,.

66 2650 196 2718 suerunt.
245 2650 295 2717 Ad
322 2672 416 2739 quem
443 2649 698 2720 interficiendum
726 2652 942 2742 Eurystheus,
971 2651 1104 2718 Juuoais
1132 2649 1180 2714 ia·

66 2737 192 2814 uincto,
229 2735 404 2802 Herculem
432 2736 531 2814 misit,
567 2759 698 2825 sperans
729 2759 800 2803 eum
828 2735 946 2803 ibidem
973 2736 1179 2803 interiturum.

66 2819 138 2887 iiiuc
154 2843 294 2912 pergens
308 2817 462 2887 Hercules
482 2844 554 2887 cum
575 2846 668 2890 aerea
687 2821 747 2889 olla
769 2834 801 2890 et
820 2821 936 2909 bicipiti
956 2843 1036 2891 carre
1057 2822 1220 2907 (aereauo

68 2907 152 2985 otia,
182 2909 225 3009 ob
254 2917 379 2973 aeratas
405 2927 516 3009 aaran
548 2905 686 3008 bicipiti
712 2930 814 3008 canen,
851 2905 925 2994 quia
955 2918 989 2974 et
1016 2904 1115 2972 nauali
1146 2916 1178 2972 et

66 2989 1177 3163 iffi,-tittitn¹3¹bitifflnttbiia'tti-timiditati

67 3163 216 3249 panonia
240 3163 292 3227 ubi
314 3162 447 3248 primum
468 3182 578 3227 canem
598 3162 750 3228 0rtbrum
770 3159 942 3239 interfecit,
969 3172 1004 3229 et
1022 3158 1178 3227 ltbirniam

67 3247 153 3310 titiam
185 3248 271 3334 ejus3
310 3245 426 3312 deinde
459 3247 665 3338 Eurytionem
698 3259 877 3338 pastorem,
917 3245 1013 3312 filium
1047 3243 1216 3324 Martiano

67 3332 227 3398 noninime
247 3331 349 3419 ipsum
371 3333 439 3397 Ger
460 3354 553 3402 onem
579 3331 745 3402 interiecit
784 3330 830 3399 Et
849 3331 897 3400 aio
916 3332 1015 3400 victor
1036 3339 1177 3397 armenta

66 3415 126 3505 ejas
145 3417 177 3484 in
197 3417 369 3485 Graeciam
388 3355 528 3487 adduxit.

276 3637 347 3713 69.
399 3640 612 3718 Evander
641 3652 684 3715 ot
714 3641 950 3716 Hercules.
1032 3652 1034 3657 '
1138 3643 1141 3649 '
1204 3636 1209 3647 '

140 3767 300 3835 Hercules
320 3769 454 3855 paruum
475 3771 515 3835 ab
532 3765 682 3836 Evandro
703 3789 764 3833 non
786 3779 835 3834 est
853 3772 1028 3867 susceptos.
1057 3763 1176 3829 Postea

67 3875 155 3937 quum
177 3854 275 3921 filium
295 3853 381 3922 Joris
401 3878 437 3921 ae
465 3854 611 3933 diceret,
634 3863 668 3920 at
695 3862 796 3922 morte
824 3853 904 3918 Caci
930 3861 1074 3916 urtutem
1101 3869 1216 3936 pro-:30

68 3937 184 4017 basset,
214 3954 381 4026 susceptus
403 3952 436 4007 et
457 3962 514 4028 pro
535 3938 661 4004 numine
681 3937 804 4004 babitus
825 3948 882 4005 est
922 3935 1068 4023 Denique
1087 3954 1174 3998 aram

65 4027 224 4090 maximam
252 4024 281 4088 ei
310 4025 476 4092 constituit
517 4025 624 4099 Quum
651 4043 731 4109 ergo
759 4020 915 4088 Hercules
941 4016 1097 4107 quaedam
1121 4039 1176 4082 ca-

66 4107 124 4206 pita
159 4108 202 4174 de
238 4111 385 4177 armantis
419 4111 576 4199 Geryonis
609 4108 689 4196 patri
726 4129 784 4172 auo
813 4104 973 4173 immolare
1005 4102 1176 4179 statuisset,

66 4193 175 4260 rosanti
198 4207 272 4261 sunt
300 4192 363 4261 duo
384 4218 475 4263 senes
495 4195 639 4263 Pinarius
658 4206 692 4261 et
706 4191 858 4271 Potitius,
887 4191 999 4277 quibus
1021 4186 1176 4253 Hercules

66 4277 214 4353 ostendit,
238 4278 320 4365 quob
339 4281 399 4346 rita
423 4303 459 4345 aa
480 4280 541 4345 coii
561 4279 669 4358 veilet3
691 4277 809 4365 sciiiQt
825 4286 862 4342 ut
880 4297 972 4341 rnane
994 4286 1025 4338 et
1043 4293 1216 4361 vesperam

68 4363 353 4433 eisaoriiianrctor.
392 4366 503 4453 ltaque
535 4366 678 4453 perfecto
698 4361 852 4445 matutino
874 4358 1048 4437 sacrificio,
1079 4380 1176 4445 qurrm

67 4444 104 4508 ad
134 4448 320 4514 sacrificium
349 4451 556 4538 vespertinum
578 4449 664 4539 prior
684 4447 820 4516 Potitius
841 4445 1061 4542 pervenisset,
1077 4442 1184 4543 iratos·

69 4529 217 4629 biennales
243 4533 352 4623 jussit,
385 4549 421 4604 ut
449 4536 570 4604 Pinarii
596 4534 708 4603 domus
740 4530 938 4621 epulantibus
966 4528 1089 4599 Potitiis
1120 4550 1177 4594 un-

70 4627 215 4684 !ttirurei.
1217 4628 1221 4639 “
