2640 5130
143 237 199 313 ss
458 233 641 337 aare.
667 235 700 307 1.
754 230 847 309 ns.
873 229 964 309 ns.
1054 330 1065 348 ι

166 444 217 488 rna
243 439 318 487 vero
346 415 449 500 diota,
480 420 555 508 quia
581 441 621 486 ex
650 439 690 484 aa
715 427 922 506 proserpant
951 416 1071 514 fruges.
1120 412 1214 480 Haeo
1238 417 1271 478 et

144 447 244 574 hesta
276 504 410 584 dicitur,
455 507 529 592 quia
565 505 671 570 herbis
710 501 758 568 vel
797 504 888 569 variis
925 512 1053 566 vastata
1089 499 1129 566 sit
1165 500 1270 563 rebus.

144 592 248 658 Diana
275 592 368 657 etiam
397 587 510 657 eadem
533 602 600 668 est,
632 587 722 677 quasi
743 586 896 667 Danaa,
920 587 994 674 qaia
1014 585 1087 651 luna
1108 595 1142 650 et
1164 581 1216 647 die
1239 595 1272 648 et

146 690 242 744 noete
269 698 309 765 ap
332 685 431 741 areat.
472 677 579 764 ipsam
602 676 695 742 etiam
715 674 870 740 Lucinam
894 682 1095 769 asseverant,
1123 667 1271 769 eoquod

120 763 272 828 arescent,
312 699 460 828 iliadem
480 773 514 828 et
534 759 693 838 Triviam,
713 780 754 824 eo
774 755 861 846 quod
882 754 996 821 trabas
1017 756 1167 844 iungatur
1187 759 1272 839 trgu-

113 884 116 895 ·
146 848 208 928 ris3
246 845 288 912 de
316 867 382 934 qua
409 845 577 934 Virgilius:
614 845 702 910 Tria
729 843 884 929 virginis
911 862 974 904 ora
1003 840 1164 920 Dianne;
1197 838 1272 924 quia

145 929 395 1003 erdeshuse,
438 931 551 998 eadem
586 929 709 1009 Diana,
752 927 865 995 eadem
901 924 1097 1014 Proserpina
1132 935 1271 989 vocatur.

146 1018 241 1084 Haeo
261 1026 295 1085 et
315 1014 452 1082 Latonia
481 1019 573 1102 virga
596 1014 711 1082 dioimr
731 1033 753 1079 a
776 1023 879 1082 naa·
898 1010 1044 1094 Latoua3
1073 1020 1107 1077 et
1125 1007 1273 1076 Plutonia

147 1101 272 1192 conjux.
315 1102 444 1167 Graece
464 1103 591 1169 Hecate
610 1099 735 1169 diutur.

106 1340 141 1390 10
546 1295 637 1374 115.
689 1298 878 1400 Apollo.

233 1445 429 1537 Apollinem,
468 1443 565 1512 lilium
597 1445 704 1524 Jovis,
734 1446 864 1514 fratrem
895 1445 1038 1527 Dianae,
1072 1443 1179 1511 Solem
1210 1441 1273 1510 dici

106 1531 322 1602 ¹'voluerunt
364 1532 462 1597 Hunc
489 1546 522 1598 et
543 1531 739 1600 divinationis
765 1532 862 1598 deum
911 1542 1025 1612 onuut,
1053 1553 1094 1596 eo
1116 1529 1202 1619 quod
1224 1531 1272 1596 sol

147 1618 253 1684 omnia
281 1619 419 1685 obseura
448 1616 629 1684 manifestet
655 1619 688 1683 iu
717 1618 829 1685 luoem.
927 1616 989 1684 lem
1019 1627 1125 1682 sutem
1152 1615 1272 1695 dieunt,

148 1703 239 1793 quasi
268 1702 390 1768 solnm.
441 1700 551 1784 ipsum
578 1702 747 1782 'litaniam
787 1701 877 1791 quasi
904 1723 1001 1768 unum
1028 1723 1068 1767 ex
1096 1700 1274 1778 Titanibus,

109 1789 204 1877 requi
238 1786 391 1854 adversus
421 1785 533 1853 Jorem
565 1807 628 1853 uon
663 1788 748 1854 lesit
812 1791 920 1877 ipsum
951 1787 1140 1865 Phoebum,
1183 1787 1274 1889 quasi

148 1869 332 1961 ephehnrn,
352 1870 416 1937 hoo
436 1885 487 1939 est
500 1870 766 1954 adoleseentem3
785 1873 872 1938 unde
892 1884 926 1939 et
947 1870 1003 1939 Sol
1023 1892 1103 1960 puer
1144 1869 1174 1936 in
1212 1883 1275 1951 tur,

148 1980 189 2024 eo
218 1955 304 2044 quod
333 1953 474 2043 quotidie
501 1955 621 2023 oriatur
646 1964 681 2049 pt
705 1979 787 2023 nova
815 1958 886 2024 lues
914 1968 1070 2024 nascatur.
1123 1895 1189 2045 i’yt
1211 1956 1275 2022 'um

149 2064 278 2131 quoque
309 2039 446 2107 eundem
485 2040 656 2129 Apollinem
698 2054 813 2109 rooaut
851 2065 872 2108 a
894 2043 1067 2132 Pythone,
1104 2041 1275 2108 immensae

148 2126 240 2194 molis
270 2137 439 2215 serpente,
476 2148 571 2217 quem
598 2125 727 2217 Apollo,
762 2129 949 2217 sagittumm
979 2128 1093 2194 ictibus
1122 2139 1278 2208 sternens,

108 2206 285 2286 mominis
324 2231 453 2301 quoque
488 2213 589 2315 spolia
626 2215 818 2300 reportavit,
863 2226 900 2282 ut
930 2212 1064 2303 Pythius
1099 2225 1275 2280 vocaretur.

150 2297 239 2364 Huio
281 2316 387 2385 noque
407 2297 597 2402 quadrigam
619 2298 820 2379 adscribunt,
847 2299 931 2366 illam
951 2300 994 2365 ob
1016 2320 1160 2378 oausam,
1188 2298 1276 2385 quod

90 2396 94 2401 '
151 2317 330 2471 quadrihdo
359 2382 455 2449 limite
484 2384 547 2449 dies
579 2384 724 2452 metiatur
755 2386 911 2474 spatium3
949 2383 997 2449 vel
1026 2382 1112 2471 quod
1164 2397 1277 2449 uatuor

151 2477 225 2533 sunt
244 2477 389 2556 tempora
409 2467 492 2532 onai.
535 2468 683 2545 Quatuor
699 2493 851 2559 equorum
871 2466 955 2537 Solis
973 2470 1116 2537 nomina:
1141 2408 1276 2547 Aethon,

152 2553 306 2639 Lampus,
326 2552 523 2642 Erythraeus
538 2567 572 2622 et
584 2555 768 2644 Philogono
802 2557 1000 2645 Erythraeus
1012 2555 1140 2619 Graece
1156 2551 1280 2617 rahans

109 2636 286 2716 sedicitur,
318 2659 359 2703 eo
386 2636 472 2726 quod
499 2639 545 2705 sol
574 2642 726 2708 matutino
753 2640 870 2709 lumine
896 2637 1091 2707 rubicundus
1116 2650 1278 2725 exsurgat

151 2720 294 2801 Aethon,
325 2721 524 2810 splendens;
551 2724 694 2814 Lampus
722 2748 797 2793 vero
823 2727 961 2792 ardens.
1004 2723 1177 2812 Philogeus
1205 2735 1279 2788 ter-

151 2828 231 2909 ram
256 2827 381 2958 ἵεηὶαιιε
409 2804 542 2892 dieitur,
575 2810 723 2902 eoquod
749 2834 882 2904 vespere
904 2811 1072 2878 occasibus
1093 2809 1140 2877 sol
1160 2830 1277 2898 pronus

152 2912 259 2960 mcum
958 2936 960 2938 v

469 3080 561 3161 111.
613 3087 777 3165 Novem
808 3089 976 3167 Musae.
1005 3147 1011 3156 ι

115 3249 152 3300 sn
229 3223 364 3329 ‘Narem
395 3224 505 3296 Musas
541 3230 672 3323 Apollini
708 3234 883 3322 deputant,
922 3235 1022 3323 ipsum
1046 3258 1088 3304 ue
1124 3233 1282 3303 decimum

156 3307 257 3377 Musis
270 3310 436 3401 adpetunt,
458 3315 533 3402 quia
553 3319 709 3387 humanae
730 3320 814 3386 vocis
837 3319 949 3387 decem
966 3261 1175 3389 modulamina
1197 3337 1280 3389 sunt

156 3396 202 3462 Fa
228 3395 309 3494 haee
337 3397 463 3464 uomina
485 3412 519 3468 et
538 3402 811 3495 interpretationes
838 3406 1019 3475 Musarum:
1058 3409 1146 3485 Clio,
1183 3406 1283 3475 idest

157 3491 312 3566 cognttro
353 3485 569 3568 quaerendae
608 3491 795 3569 scientiae,
844 3512 928 3579 quae
968 3494 1087 3582 reperit
1126 3491 1282 3560 historias.

157 3563 318 3650 Euterpe,
344 3565 378 3631 id
407 3577 457 3633 est
482 3566 564 3635 bene
588 3572 781 3656 delectans,
810 3598 894 3663 quae
921 3577 1013 3646 tibias
1039 3578 1162 3663 invenit.
1205 3578 1285 3644 Mel-

117 3670 315 3735 35pomeue,
358 3649 392 3715 id
426 3662 475 3719 est
504 3656 765 3724 meditationem
790 3659 950 3746 jaciens,
989 3686 1071 3753 quae
1100 3664 1285 3750 tragoedias

159 3731 267 3799 edidit
318 3732 451 3816 Thalia,
486 3735 520 3804 id
549 3754 599 3808 est
624 3743 821 3829 capacitas,
853 3768 940 3918 lm
965 3746 1147 3816 comoedias
1177 3748 1286 3818 edidit

158 3815 353 3919 Polymnia,
370 3818 404 3886 id
425 3830 476 3887 est
499 3824 616 3889 multa
642 3848 832 3894 memorare
876 3832 1011 3914 aciens,
1040 3857 1123 3923 quae
1148 3833 1285 3903 rhetori-

160 3921 231 4001 oam
253 3913 382 4005 invenit·
417 3902 539 3986 Erato,
567 3908 601 3975 id
622 3922 672 3978 est
691 3910 869 3979 inveniens
888 3917 1020 3996 simile„
1047 3942 1131 4006 quae
1151 3940 1284 4005 geome-

160 3994 254 4051 taam
280 4000 406 4075 repent
448 3989 681 4080 Terpsichore,
708 3994 742 4061 id
770 4009 819 4065 est
844 3999 1019 4066 delectans
1046 4005 1286 4087 instructione,

119 4088 246 4156 soquae
272 4073 454 4159 psalterium
482 4076 622 4148 instituit.
676 4080 813 4164 Urania,
851 4082 884 4151 id
914 4096 964 4152 est
992 4087 1172 4167 caelestis,
1202 4113 1285 4179 quae

160 4153 363 4255 astrologiam
388 4159 517 4259 juvenit-
560 4163 721 4257 Calliope,
751 4166 785 4236 id
800 4175 862 4240 'est
887 4171 1039 4260 optimae
1066 4173 1176 4258 vocis,
1203 4199 1286 4265 quse

157 4238 276 4310 litteras
303 4240 421 4312 docuit.
