2692 4762
262 274 371 348 hom
398 269 545 345 coeo..
570 272 606 343 in
631 268 740 370 myro.
764 271 797 363 1,
827 266 960 342 rm-
975 268 1067 343 rou.
1184 270 1239 347 uo

99 519 100 524 ,
140 455 212 524 157.
255 453 391 521 Schol.
418 453 461 516 od
497 449 692 518 Stat'l'h.
720 451 759 527 6,
783 442 1000 537 mommo,
1033 451 1145 518 Serv.
1166 451 1215 520 od
1251 482 1259 495 ·

325 544 389 605 Ae.
408 541 446 617 7,
467 535 549 614 372,
582 535 705 602 schol.
727 533 776 599 od
804 535 905 601 Stat.
926 558 956 622 p.
977 538 1029 615 55,

489 620 690 708 mythogr.
722 619 772 699 11,
801 621 870 686 110.

186 751 209 788 v.
225 739 260 787 24
277 747 376 787 turrem
404 736 436 787 Β.
453 768 496 779 -
512 740 548 787 21
573 736 720 805 delapsus.)
760 733 846 801 Mujuo
871 731 998 800 dilapsus.
1016 758 1059 772 -
1076 735 1112 785 28
1139 733 1235 783 Teren-

112 807 183 868 tius)
209 805 325 859 Eunuch.
352 811 387 871 8,
410 813 443 872 5,
466 810 511 859 40.
553 808 685 873 integrum
708 808 792 858 locum
819 806 894 858 offert
921 802 1016 868 ochoi,
1042 805 1086 870 qui
1103 803 1235 871 praemisit

112 877 208 929 Horat.
227 878 257 931 C.
275 882 303 944 2,
322 882 363 939 10,
381 883 399 929 6
416 894 470 942 sq„
496 878 541 930 ubi
558 884 643 930 tamen
661 877 796 944 legendum
815 883 856 930 est
881 875 912 926 Si
935 890 982 943 pro
998 873 1053 924 t'ed
1069 880 1096 926 et
1113 873 1235 925 risissent

111 964 162 1016 pro
180 947 301 1002 irrisisset.
336 949 470 1014 Bentlejur
487 948 601 1001 Terentii
620 948 752 1001 locumtic
770 953 923 999 mutaverat:
938 961 987 1011 per
1000 942 1123 1012 pluviam
1134 942 1234 1014 fucum

105 1017 221 1087 sactum
238 1017 358 1081 mulieri3
382 1020 450 1085 quod
469 1020 561 1071 merito
579 1020 723 1086 reJecerunt
739 1017 823 1070 hodio.
840 1044 883 1055 —
894 1016 995 1085 sucum
1010 1014 1122 1085 sactum
1145 1030 1234 1068 omnes

111 1089 176 1141 Ter·
193 1089 268 1141 codd.
285 1113 329 1126 ·-
345 1093 382 1140 32
408 1090 472 1140 novi
499 1090 637 1158 imposuit)
653 1091 728 1140 intro
745 1105 835 1139 orcum
852 1086 983 1137 inclusam
995 1084 1188 1154 praecipitavit
1205 1085 1234 1137 in

110 1159 326 1212 moroSermi.
344 1160 450 1226 Hyg·s.
469 1165 661 1215 (11,-3η
684 1159 815 1229 piscatore
840 1160 949 1220 Perseo)
972 1173 991 1206 a
1007 1157 1071 1224 piso.
1091 1174 1150 1207 com
1166 1158 1234 1206 Per-

110 1247 170 1286 seo,
189 1247 265 1299 quem
281 1229 337 1280 illic
353 1231 432 1281 enixo
444 1229 544 1300 fuerat
560 1232 702 1298 rectissime
719 1231 741 1282 B
760 1231 783 1280 C
800 1231 833 1285 D.
856 1253 900 1267 -
916 1232 951 1279 ³¹!
976 1226 1084 1293 volunt)
1106 1234 1136 1279 ut
1158 1227 1233 1292 Virg-

109 1303 159 1353 Ae.
184 1306 216 1366 1,
240 1304 302 1357 om.
345 1303 419 1357 Quae
451 1312 592 1368 requumur
613 1303 646 1355 ad
670 1303 796 1354 diversam
827 1300 937 1352 sahulem
970 1299 1105 1365 pertinent.
1130 1330 1173 1343 -
1196 1301 1233 1349 26

112 1369 221 1421 cuidam
244 1370 318 1441 ngr)
340 1388 378 1424 rc.
403 1373 538 1437 Polydeoti
562 1374 687 1426 ininsula
713 1370 838 1439 Seripho,
863 1370 934 1436 rryg.
961 1367 1043 1423 163.
1068 1395 1112 1407 —
1138 1371 1172 1420 41
1189 1367 1233 1418 uti

112 1438 279 1493 Chimaeram
295 1443 359 1510 etc.)
395 1442 467 1499 Haec
484 1460 608 1512 perquam
623 1445 705 1498 sutilia
721 1449 794 1506 suut,
818 1457 866 1494 nec
885 1439 1037 1493 refutatione
1054 1439 1139 1506 digua.

197 1561 268 1627 158.
311 1561 426 1630 Serv.
454 1563 501 1630 ad
533 1570 594 1633 Ac.
623 1568 660 1644 6,
681 1562 761 1638 447,
786 1558 986 1650 mythogr.
1007 1558 1056 1638 11,
1076 1561 1149 1625 215.

183 1674 346 1725 Prothcsr'loi
361 1677 394 1728 D.
408 1705 452 1719 ·-
467 1679 581 1746 primum
594 1679 705 1750 periisse
721 1679 744 1731 (i
756 1679 787 1735 D.
804 1703 848 1716 —-
860 1677 919 1741 ejus
934 1671 1053 1724 umbram
1065 1673 1088 1725 Β
1103 1673 1125 1724 C
1138 1674 1170 1724 D.
1187 1701 1231 1714 —

111 1741 245 1811 umbram)
265 1762 324 1796 eom
341 1748 364 1799 Β
383 1748 405 1800 C
422 1750 455 1805 D.
472 1773 516 1785 -
539 1753 599 1818 ejus
625 1749 737 1819 amplos.
760 1749 784 1800 Β
808 1747 831 1799 C
857 1748 888 1798 D.
903 1772 948 1784 —
965 1745 1100 1813 Copioriue
1123 1744 1156 1796 de
1182 1744 1230 1797 hro

111 1815 199 1869 inbuit
216 1817 318 1869 disserit
334 1819 405 1885 Hyg.
433 1821 451 1872 t'.
477 1825 537 1872 103.
566 1826 627 1875 104.
669 1824 709 1874 De
733 1826 815 1872 morto
837 1816 973 1871 Protesilai
997 1831 1078 1881 puucu
1102 1815 1231 1868 Homerus

110 1887 144 1938 11.
160 1890 193 1952 2,
212 1893 279 1952 700,
297 1887 330 1944 ci.
347 1890 433 1942 Strub.
450 1896 476 1955 7,
492 1895 545 1943 296
561 1893 684 1944 h=454
702 1908 724 1944 c.
770 1890 835 1955 Ejus
850 1902 957 1941 uxorem
981 1887 1148 1954 cypricorum
1172 1902 1230 1938 cur-

109 1958 206 2011 minum
222 1965 310 2010 ouetor
328 1959 487 2029 Polydorum
506 1965 606 2021 vocavit
623 1964 714 2030 (Pauo.
731 1965 762 2026 4,
780 1966 813 2026 2,
829 1960 876 2026 5);
900 1955 1041 2011 Lotdumiu
1057 1959 1139 2010 serius
1156 1957 1228 2010 vide·

109 2035 153 2081 tur
168 2043 226 2083 eure
247 2031 382 2097 appellato.

195 2149 266 2215 159.
307 2151 417 2217 Serv.
446 2150 495 2218 ud
527 2153 660 2230 hoto,
684 2154 741 2232 10,
765 2149 968 2240 mythogr.
1001 2149 1050 2227 11,
1070 2149 1144 2216 214.

180 2261 279 2314 Phillr's
303 2265 325 2315 C
348 2265 380 2316 D·
397 2293 440 2306 -
457 2274 562 2316 tracum
583 2266 620 2326 D.
638 2291 682 2305 -
707 2262 880 2331 demofonlem
902 2264 935 2315 D.
956 2267 1035 2317 -9
1060 2262 1152 2329 tuom)
1177 2278 1228 2321 om.
1297 2324 1299 2328 ⁴

110 2335 145 2387 Β.
161 2357 205 2374 -
224 2337 258 2385 10
274 2351 302 2384 ue
319 2343 382 2384 onte
399 2336 438 2398 Β;
456 2345 519 2386 onte
536 2354 563 2386 ce
586 2335 641 2388 ord.
659 2354 713 2386 rem
728 2332 875 2404 (publicam
891 2333 962 2386 addit
978 2334 1024 2401 C.)
1042 2335 1064 2385 C
1083 2335 1116 2385 D.
1133 2359 1176 2374 —-
1194 2339 1228 2386 ll

109 2415 139 2455 et
156 2403 253 2455 amoris
271 2405 293 2456 C
312 2405 351 2468 D3
367 2422 399 2455 ex
417 2407 514 2458 amoris
531 2408 564 2458 B.
581 2440 625 2449 —
642 2409 677 2458 12
694 2406 824 2475 spretum)
840 2422 897 2457 ecco
914 2405 985 2457 addit
1002 2406 1025 2457 Β
1043 2406 1066 2458 C
1083 2404 1116 2460 D.
1132 2436 1174 2448 -
1193 2409 1227 2457 13

108 2485 139 2525 et
157 2474 323 2526 miseralione
341 2475 446 2527 deorum
463 2495 535 2528 conv.
556 2476 808 2544 c.—15spoml
832 2485 899 2528 sent.
923 2475 987 2528 odo.
1002 2476 1025 2527 Β
1043 2477 1065 2527 C
1082 2475 1115 2527 D·
1131 2509 1175 2521 —
1193 2479 1228 2528 16

111 2544 190 2596 Unde
206 2545 270 2613 etc.)
304 2546 380 2598 Hanc
394 2549 531 2599 clausulam
551 2564 601 2599 om.
618 2550 651 2600 D.
667 2579 713 2590 -
729 2545 797 2597 uude
813 2544 893 2596 eliom
911 2545 990 2615 sylla
1009 2547 1031 2599 C
1048 2547 1081 2598 D.
1099 2579 1143 2591 --
1156 2545 1229 2616 phy·
1302 2562 1306 2571 ⁴

109 2615 164 2666 liro
183 2614 276 2681 Major·
292 2648 336 2661 -
354 2617 394 2673 Ci.
413 2618 515 2670 Coluth.
538 2623 599 2669 210.
615 2645 658 2661 -·
693 2619 828 2669 Caeterum
847 2617 869 2668 C
887 2618 910 2668 D
935 2616 1043 2670 addunt:
1068 2617 1107 2668 sic
1124 2617 1228 2669 ovidius

108 2687 139 2736 in
157 2686 395 2754 metamorphoseon
412 2687 495 2738 libris.
529 2693 564 2740 At
581 2689 649 2756 opud
667 2690 786 2740 Ovidium
811 2687 873 2740 haec
890 2687 1077 2740 transformatio
1093 2704 1144 2742 uon
1162 2689 1228 2755 legi-

108 2764 161 2814 tur.
196 2757 298 2826 Scripta
314 2765 399 2811 autem
419 2761 523 2826 tingitur
538 2759 565 2811 11
582 2759 689 2814 Heroid.
707 2777 723 2811 o
740 2757 858 2825 Phyllide
875 2758 908 2810 od
933 2758 1161 2827 Demophoontem.

181 2878 251 2942 160.
294 2878 410 2944 Serv.
441 2876 498 2944 ad.
526 2877 613 2946 E‘cl.
641 2880 753 2959 5,11,
782 2878 987 2968 mythogr.
1011 2879 1060 2960 Π,
1083 2880 1154 2946 191.

183 2989 313 3042 Cretensis
324 2992 428 3060 tegili.
441 2990 500 3060 suit
519 2992 542 3043 Β
557 2993 578 3042 C
593 2992 625 3057 D,
635 2995 686 3060 *qui
703 2992 816 3062 optimus
829 2995 1027 3048 ommutui.-
1046 2999 1130 3063 Cojrm
1146 3012 1228 3066 quum

101 3058 150 3129 fil.
168 3060 192 3110 Β
211 3062 233 3111 C
250 3062 281 3115 D.
299 3086 341 3098 -
359 3062 441 3116 (linx.
458 3080 516 3133 sog.
534 3064 557 3113 Β
576 3064 598 3114 C
615 3065 650 3116 Dt
665 3089 709 3102 -
726 3073 759 3114 ut
775 3081 807 3113 eo
836 3083 943 3118 currens
960 3067 1024 3134 etc.)
1042 3077 1074 3118 ut
1089 3085 1147 3116 eom
1166 3083 1228 3116 cur-

108 3149 171 3182 rens
187 3130 242 3196 (sc.
260 3133 359 3199 Alcon)
375 3133 403 3182 in
420 3143 563 3200 serpentem
581 3133 706 3204 defigeret
715 3152 725 3194 ,¹
749 3143 781 3184 ut
805 3151 837 3184 oo
860 3153 968 3188 currens
990 3139 1019 3190 in
1036 3136 1164 3205 serpentis
1181 3134 1229 3184 de-

101 3201 240 3272 figeretur
257 3202 363 3252 vulnere
382 3204 418 3266 (ἲς
443 3213 474 3252 ut
499 3220 557 3252 eom
581 3211 689 3254 curteio
716 3204 745 3254 r'rr
768 3222 837 3273 serp.
864 3204 990 3277 defigeret
1013 3206 1120 3259 vulnere
1134 3209 1167 3259 D.
1184 3234 1229 3248 -

107 3289 156 3322 nec
174 3271 300 3324 transiret
317 3272 336 3324 i.
349 3271 379 3342 s.
398 3275 420 3325 C
437 3273 475 3336 De
493 3292 539 3324 nec
556 3273 701 3342 tomenfil.
719 3274 883 3329 lactantii.
901 3307 944 3319 -
965 3277 1039 3329 Unde
1056 3277 1075 3329 l.
1090 3277 1138 3346 m.)
1154 3276 1229 3330 Haec

105 3342 200 3395 uhruot
215 3359 230 3396 o
248 3344 360 3411 reliquis.
428 3402 429 3407 ἵ

195 3463 268 3529 161.
310 3465 418 3530 Serv.
449 3463 497 3529 ad
530 3463 748 3544 Ecl.5‚11,
774 3464 977 3553 mythogr.
1000 3468 1051 3546 11,
1074 3468 1144 3534 189.

180 3578 236 3631 dux
253 3578 322 3634 Ath.
334 3580 364 3650 s.
381 3579 404 3630 Β
423 3578 445 3629 C
462 3579 494 3629 D.
511 3605 552 3618 -
570 3582 606 3629 21
624 3577 674 3646 od)
700 3594 751 3630 om.
769 3579 802 3631 D.
820 3611 864 3623 -·
881 3584 917 3631 28
943 3588 970 3629 et
995 3580 1064 3630 solis
1087 3583 1193 3641 eiciet
1211 3597 1230 3627 a

110 3649 185 3703 nullo
203 3650 326 3720 cognitus
347 3649 419 3719 secit
443 3648 528 3699 locum
553 3648 660 3699 oraculo
683 3649 705 3700 Β
734 3650 756 3699 C
780 3652 812 3703 D.
837 3683 881 3696 -
924 3652 1059 3703 Caeterum
1085 3650 1132 3702 hoc
1152 3650 1231 3701 Codri

110 3738 159 3788 pro
178 3722 260 3790 petria
276 3737 305 3772 rc
323 3721 469 3775 devoveritis
488 3722 645 3784 praeclarum
665 3719 762 3772 facinus
785 3725 847 3775 satis
865 3730 952 3774 uotum
970 3729 1009 3773 est
1027 3723 1066 3772 vel
1085 3738 1100 3772 c
1119 3721 1232 3785 Lycurgi

112 3808 151 3844 or.
169 3799 251 3844 contr·
269 3792 375 3855 Decor„
393 3792 450 3844 Vol.
467 3790 539 3841 Max.
557 3795 592 3855 5,
608 3795 625 3843 6
643 3798 695 3842 ext.
715 3795 739 3841 1.
758 3792 851 3844 lustin.
869 3799 903 3857 2,
918 3799 934 3845 6
952 3800 978 3844 et
997 3796 1089 3843 horon·
1106 3789 1232 3858 Porphyr.

112 3870 138 3914 et
155 3862 236 3915 schol.
255 3862 334 3928 Cruq.
352 3862 384 3912 od
410 3861 475 3912 Hor.
494 3860 525 3912 C.
550 3865 577 3923 ³,
597 3863 640 3923 19,
656 3866 690 3924 2,
715 3862 758 3913 ubi
782 3870 867 3915 temon
894 3868 979 3915 Acron
1002 3862 1167 3929 corrigendus
1184 3867 1233 3926 est,

110 3935 152 3999 qui
170 3933 284 3989 Codrum
303 3932 493 3985 Atheniensium
511 3939 539 3981 et
556 3930 820 3985 Lacedaemoniorum
837 3950 924 4000 regem
940 3941 1023 3987 vocat.

306 4065 318 4080 ³
393 4051 463 4116 162.
506 4052 619 4116 Serv.
652 4049 703 4116 od
732 4054 951 4132 temtor.

181 4155 286 4210 initium
304 4154 380 4224 hujus
397 4156 497 4210 subulae
516 4158 612 4211 excidit
630 4159 655 4211 in
674 4158 711 4222 D,
734 4161 776 4226 qui
795 4160 849 4211 siue
867 4162 920 4211 ullo
939 4160 1042 4210 lacunae
1060 4153 1153 4206 iudicio
1170 4152 1236 4207 iuci-

111 4229 164 4297 ph:
184 4236 327 4279 centauros
354 4229 434 4281 eoam
459 4239 510 4282 etc.
528 4258 571 4270 -
588 4234 626 4294 ³1,
645 4229 726 4280 elium
749 4229 798 4282 sihi
824 4249 879 4301 cog.
904 4232 926 4281 C
950 4230 982 4279 D.
998 4260 1041 4271 -
1058 4230 1093 4276 62
1118 4226 1238 4291 vocarit)

111 4297 267 4354 convocavit
281 4298 343 4355 ch.
358 4329 401 4344 -
414 4305 507 4355 toul.
521 4341 529 4361 .
542 4301 674 4369 venirent)
685 4318 736 4372 ooo
749 4341 756 4358 .
771 4340 778 4360 .
791 4311 916 4354 venerum
929 4300 989 4352 CD·
1002 4328 1045 4342 ..-
1060 4295 1239 4367 ellopirhoo)
