2692 4762
413 213 595 315 oquogr.
627 211 699 284 ιιι.
752 208 792 284 a.
845 209 887 285 a.
1135 184 1214 288 'nor

96 400 213 490 quein
242 398 436 467 coturnicem
462 407 529 477 est;
562 407 596 464 et
627 418 724 486 quum
751 394 843 465 vellet
876 417 964 464 mue
998 395 1215 481 transiretare,

121 483 186 552 uod
204 496 253 553 est
276 485 492 560 coturnicum,
520 482 629 550 alllatn
652 505 672 548 a
692 484 771 549 Jove
792 493 826 550 et
844 481 876 548 in
896 480 1033 571 lapidem
1053 504 1216 565 conversa,

120 570 155 638 'u
190 573 249 638 suh
276 569 427 636 fluctibus
463 567 559 633 latuit.
613 569 681 656 Sup
703 567 817 635 licante
845 576 952 634 tamen
982 567 1054 634 Jori
1079 566 1215 648 Latona,

95 656 199 723 lerata
221 654 392 745 superferri
413 652 501 740 aquis
523 652 636 742 coepit.
677 592 798 719 Postea
817 675 915 740 quum
935 652 1020 719 luno
1040 650 1215 740 gravidam,

97 741 248 830 Pythone
268 741 381 822 misso,
417 738 576 805 Latonam
604 751 859 826 persequeretur,
881 738 972 806 terris
997 739 1141 805 omnibns
1161 752 1240 804 err-o

97 826 207 915 pulsa,
241 823 369 893 tandem
406 821 573 910 aliquando
608 829 649 891 ab
679 823 855 912 applicante
884 846 921 889 se
941 823 1082 907 litoribus
1107 845 1219 890 sorore

98 921 249 999 suscepta
270 924 336 989 est,
357 918 389 974 et
408 906 470 974 illie
491 907 625 975 Dianam
668 910 763 987 rimo,
796 919 867 996 post
887 908 1057 996 Apollinem
1079 909 1219 997 peperit3

98 996 155 1084 qui
175 997 281 1062 statim
301 994 409 1060 occiso
441 993 589 1080 Pythone
617 933 703 1062 ullus
733 1004 782 1060 est
801 994 909 1059 matris
928 994 1081 1082 injuriam.
1132 995 1219 1061 Sane

98 1094 176 1147 nata
205 1080 309 1147 Diana
347 1078 532 1167 parturienti
559 1079 728 1166 Apollinem
744 1095 747 1100 '
764 1079 857 1145 matri
892 1077 1005 1146 dicitur
1034 1079 1219 1167 praebuisse

98 1166 278 1233 obstetricis
299 1165 448 1230 officium.
498 1163 592 1230 Unde
622 1188 721 1253 quum
749 1163 853 1230 Diana
873 1164 915 1231 sit
933 1165 1040 1251 virgo,
1073 1179 1178 1232 tamen
1198 1181 1261 1232 elo

99 1250 347 1339 parturientibus
367 1249 540 1314 invocatur.
593 1250 687 1316 Haec
711 1269 848 1337 namque
877 1260 927 1317 est
952 1248 1129 1317 secundum
1155 1271 1220 1314 non
1275 1330 1285 1336 A,

98 1357 222 1424 paucos
241 1335 345 1402 Diana
365 1335 449 1400 Juno
477 1332 675 1423 Proserpina.
728 1333 813 1400 Nata
832 1333 930 1420 igitur
950 1335 1077 1400 numina
1103 1345 1221 1422 terram
1270 1344 1284 1353 ”

100 1420 161 1488 sihi
183 1421 317 1488 natalem
338 1441 446 1484 errare
467 1440 530 1483 non
550 1441 644 1507 passa
664 1430 755 1493 sunt,
787 1417 844 1485 sed
873 1441 943 1484 eum
965 1417 1088 1485 duabus
1113 1419 1221 1486 insulis

100 1505 322 1592 religaverunt
365 1504 489 1570 Veritas
511 1515 586 1569 uero
607 1504 704 1592 longe
724 1503 783 1568 alia
806 1515 862 1570 est.
914 1503 998 1569 Nam
1018 1505 1101 1570 haec
1121 1503 1222 1571 insula

101 1613 199 1679 quum
231 1603 335 1658 terrae
367 1602 455 1655 motu
485 1588 662 1668 laboraret,
695 1588 749 1676 qui
776 1589 812 1654 lit
837 1588 897 1654 suh
925 1589 1017 1655 terris
1047 1589 1264 1660 labentibusls

100 1675 218 1753 ventis,
246 1674 375 1742 oraculo
396 1672 541 1761 Apollinis
563 1684 775 1741 terraemotu
797 1673 905 1739 caruit.
946 1674 1031 1739 Nam
1051 1674 1222 1760 praecepit,

101 1783 145 1826 ne
164 1760 226 1827 illie
244 1772 388 1826 mortuus
408 1781 444 1824 se
466 1760 602 1840 eliretur,
624 1772 657 1825 et
666 1758 766 1860 jussit
792 1756 947 1844 quaedum
969 1759 1124 1825 sacrificia
1143 1757 1223 1822 fieri.

101 1842 223 1913 Postea
243 1869 263 1911 c
282 1846 417 1934 Mycono
439 1782 628 1997 hyaroque,
649 1844 753 1910 uncinis
774 1842 898 1920 insulis,
936 1844 1042 1932 populi
1062 1854 1223 1922 venerunt,
1313 1861 1315 1865 ·

103 1931 249 2034 quicum
269 1940 422 1998 tenerent
476 1930 549 2005 Quo
602 1941 705 1996 autem
727 1928 830 1995 Diana
852 1928 938 2016 prius
969 1941 1042 1996 nata
1070 1941 1150 2007 est„
1171 1951 1223 1994 ra·

103 2016 198 2083 tronis
220 2026 278 2082 est
331 2013 415 2080 Nam
438 2029 561 2082 constat
592 2015 724 2104 primum
755 2029 881 2080 noctem
909 2013 1024 2093 luisse,
1060 2014 1149 2100 cujus
1175 2012 1267 2083 imao

103 2113 311 2168 strumentum
333 2113 383 2166 est
400 2097 491 2176 luna,
525 2099 559 2166 id
592 2112 641 2166 est
670 2099 790 2177 Diana;
825 2110 898 2187 post
927 2097 1030 2178 diem,
1063 2120 1157 2187 quem
1178 2097 1224 2165 sol

104 2186 220 2266 efficit,
242 2186 294 2273 qui
317 2200 365 2250 est
384 2183 501 2284 Apollo.
546 2185 592 2251 Ut
612 2195 717 2250 autem
740 2183 838 2250 Delos
882 2184 958 2250 rimo
980 2185 1117 2274 Ortygia
1138 2182 1225 2251 dice·

104 2284 210 2347 retur,
232 2271 339 2337 fictum
362 2268 477 2335 dicutur
497 2293 518 2336 a
538 2270 716 2348 coturnice,
760 2290 820 2334 uae
879 2290 974 2336 raeco
997 2262 1228 2358 ὀρτυγομήτρα

106 2353 297 2444 appellatur,
324 2352 424 2421 Delos
447 2367 564 2435 autem,
585 2355 658 2441 quia
678 2291 859 2433 diuAatuit,
881 2367 914 2422 et
934 2365 1081 2442 posteaa
1107 2357 1232 2443 paroit3.

105 2463 180 2507 nam
209 2440 310 2530 δῆλον
344 2440 462 2506 Graeci
500 2437 728 2524 manifestum
761 2438 889 2519 dieunt;
923 2439 969 2505 rel
1028 2462 1068 2506 uo
1097 2440 1268 2508 nerium

108 2535 255 2616 putatur,
283 2523 475 2675 quicquum
497 2525 614 2612 ubique
641 2523 787 2612 Apollinis
810 2545 964 2613 respousa
995 2548 1016 2591 o
1038 2546 1134 2593 suurn
1155 2526 1228 2608 siut,

106 2609 274 2679 manifesta
293 2608 355 2676 rllic
398 2624 490 2678 antur
516 2607 654 2677 oracula.

193 2696 224 2762 l.
265 2695 435 2783 Apollinem
468 2695 561 2762 etiam
589 2700 707 2782 politae
734 2714 965 2796 nonnumquam
995 2704 1160 2781 parentem
1180 2691 1229 2759 di-

109 2791 204 2860 cont,
239 2778 273 2846 id
292 2793 341 2846 est
361 2780 497 2846 omnium
527 2792 719 2858 creatorem,
755 2776 842 2868 quod
863 2777 1008 2846 udelioet
1027 2775 1175 2867 quicquid
1195 2778 1229 2846 in

109 2880 198 2934 terra
218 2866 266 2932 rel
285 2866 316 2931 in
336 2868 414 2932 mari
435 2866 589 2942 nascitur,
623 2875 774 2953 operante
802 2862 875 2930 solis
906 2862 1012 2929 colore
1032 2875 1271 2952 procreaturae

109 2949 257 3018 Eundem
278 2962 401 3031 tamen,
438 2975 533 3039 quum
566 2950 607 3016 sit
627 2964 735 3039 pater,
766 2949 940 3014 imberbem
961 2949 1113 3036 pingunt,
1161 2945 1228 3015 uod

111 3036 242 3122 singuiis
269 3036 381 3101 diebus
414 3034 609 3102 renascendo
637 3035 727 3123 quasi
767 3033 869 3099 'unior
889 3030 1041 3099 rideatur.
1099 2971 1166 3100 sed
1196 3043 1231 3101 et

111 3121 283 3199 Phoebus,
303 3119 337 3185 id
358 3131 408 3187 est
428 3144 535 3185 novos
556 3133 702 3198 vocatur,
733 3060 780 3184 rel
800 3115 887 3207 quod
909 3140 1021 3184 revera
1038 3118 1084 3187 sol
1104 3119 1135 3184 in
1156 3131 1230 3186 orto

111 3228 171 3273 suo
192 3205 333 3292 quotidie
352 3227 453 3272 novus
480 3217 647 3293 appareat,
679 3202 726 3270 rel
753 3203 839 3291 quod
860 3202 1033 3271 secundum
1053 3203 1230 3292 Epicureos

112 3291 155 3357 de
175 3292 286 3359 atomis
305 3303 469 3370 constare,
497 3303 530 3357 et
550 3313 623 3356 cum
643 3288 696 3355 die
716 3289 802 3356 nasci
821 3299 854 3357 et
874 3311 947 3355 cum
967 3288 1019 3355 die
1041 3290 1146 3378 perire
1165 3300 1272 3364 tra-ss

113 3376 216 3443 dator.
269 3375 416 3442 Intonsus
480 3374 614 3461 ingitor,
660 3372 747 3463 quod
785 3373 931 3462 aequales
964 3374 1052 3442 annis
1088 3377 1231 3441 omnihus

112 3461 220 3529 radios
247 3461 410 3528 ministret
494 3462 598 3529 icitur.
615 3469 649 3526 et
681 3459 861 3527 auricomus
879 3482 898 3524 a
917 3458 1085 3547 splendore
1114 3481 1230 3539 aureo;

112 3547 251 3636 itemque
269 3545 450 3632 sagittarius
471 3569 490 3611 a
510 3546 670 3612 radiorum
689 3545 820 3633 jaculis,
849 3545 961 3632 quihus
990 3568 1113 3612 ornnem
1135 3568 1231 3635 pene·

114 3643 178 3700 oar
212 3631 372 3698 mundum.
426 3630 524 3696 Hunc
552 3630 727 3720 philosophi
754 3643 787 3697 et
817 3636 930 3718 poetae
964 3652 1047 3698 nunc
1077 3653 1134 3719 pro
1162 3632 1231 3697 iso

113 3716 198 3795 sole,
236 3739 318 3781 nunc
347 3737 404 3818 pro
426 3717 550 3802 augurii
573 3717 638 3782 sive
665 3717 837 3803 supientiae
858 3715 924 3781 sire
942 3717 1135 3784 medicorum
1182 3737 1274 3794 eo,oo

113 3824 199 3867 nunc
219 3825 276 3888 pro
299 3801 472 3867 divinatoro
492 3801 613 3891 aliquo,
636 3822 719 3868 nuno
760 3824 795 3867 ro
810 3801 884 3891 ¹ipso
904 3801 1042 3882 mundo,
1071 3823 1154 3865 nunc
1174 3822 1232 3889 pro

114 3887 255 3975 quolibet
275 3887 416 3973 sapiente
437 3886 519 3964 uiro,
550 3909 634 3952 nuno
652 3909 712 3989 pro
733 3825 888 3952 humanae
909 3888 994 3953 vocis
1021 3885 1234 3952 modulatione

116 3995 237 4061 ponere
277 3984 478 4039 consuerunt.
540 3973 576 4037 ln
607 3971 699 4062 hujus
733 3971 863 4038 tutelam
897 3971 1017 4037 laurum
1056 3972 1234 4050 ascribunt;

112 4057 200 4124 unde
221 4067 254 4123 et
275 4057 447 4143 Dephnen,
476 4080 560 4144 quae
580 4055 685 4122 laurus
697 4055 943 4145 interpretatur,
976 4057 1075 4122 Penei
1097 4057 1233 4124 llumiois

114 4145 225 4219 liliam,
250 4165 373 4206 amasse
394 4140 515 4207 dicitur.
560 4140 654 4207 Unde
675 4156 778 4208 antem
798 4142 903 4207 laurus
924 4141 980 4209 nisi
1002 4140 1044 4206 de
1065 4141 1154 4229 aquis
1173 4143 1276 4214 llo-os

115 4229 245 4294 cialibus
265 4227 352 4291 nasci
374 4226 543 4294 credatur?
574 4229 758 4316 praesertim
780 4250 854 4293 vero
874 4226 954 4293 illius
983 4227 1116 4295 fluminis
1145 4226 1233 4316 ripae
