2640 5130
337 538 516 642 myuqr.
544 539 597 613 11.
652 536 904 613 ras-raa
994 519 998 526 ’
1111 536 1189 613 rsa

424 723 516 800 195.
577 722 819 800 Anchises.

145 854 296 922 Anchises
318 864 426 942 pastor
445 853 521 934 suit,
556 876 630 920 cum
653 877 716 941 quo
746 865 851 920 amato
873 853 980 923 Venus
1010 857 1190 935 concubuit,

63 951 159 1007 etex
179 965 219 1007 eo
240 962 348 1007 amore
368 939 453 1023 circa
473 940 612 1018 Simoin,
645 941 774 1005 flurium
806 938 942 1030 Trojae,
976 939 1119 1008 Aeneam
1134 942 1190 1031 pel

62 1027 155 1114 perit.
196 1027 288 1092 Deae
318 1024 401 1092 enim
432 1023 479 1090 vel
507 1025 540 1090 N
562 1024 675 1112 mphae
705 1024 864 1091 enituntur
891 1026 976 1091 circa
1005 1029 1116 1094 llurios
1144 1029 1190 1091 vel

62 1133 203 1177 nemora.
246 1108 314 1178 Sed
344 1131 439 1197 quom
467 1049 618 1175 ancltses
646 1109 727 1177 iuter
746 1109 894 1198 aequales
922 1110 1119 1199 epularetur,
1148 1114 1214 1177 des

63 1196 236 1263 concubitu
256 1195 388 1263 Veneris
404 1195 518 1283 jactari
548 1194 691 1262 traditur.
741 1194 836 1269 Quod
881 1216 965 1267 oum
983 1197 1056 1262 Jori
1084 1199 1192 1264 Venus

63 1295 178 1368 questa
210 1292 312 1360 esset,
345 1280 495 1358 emeruit,
531 1293 568 1346 ut
587 1280 619 1345 in
640 1280 805 1346 Anchisem
835 1218 961 1348 fulmina
986 1283 1193 1349 mitterentur.

65 1366 136 1433 Sed
158 1367 265 1432 Venus
287 1387 384 1452 quum
406 1363 550 1438 vidisset,
571 1387 644 1430 eum
663 1365 790 1430 fulmine
809 1387 905 1454 posse
923 1366 1075 1447 interimi,
1096 1370 1194 1434 mise-

64 1465 136 1518 rata
163 1451 332 1541 juvenem,
372 1451 403 1515 in
432 1450 523 1516 aliam
552 1463 675 1538 partem
707 1449 823 1517 fulmen
850 1450 990 1521 detorsit.
1041 1455 1192 1521 Anchises

65 1552 189 1616 tamen,
211 1537 337 1604 afflatus
357 1534 434 1621 igne
455 1535 602 1617 coelesti,
624 1558 749 1624 semper
769 1535 879 1604 debilis
900 1536 967 1605 suit.
1199 1554 1234 1604 ιο

421 1704 513 1779 196.
567 1707 836 1784 Cassandra.

151 1830 335 1900 Cassandra
368 1844 438 1901 erat
471 1833 607 1916 Priami,
650 1835 781 1924 'I'rojani
822 1833 927 1921 regis,
969 1831 1048 1912 filia,
1084 1856 1104 1900 a
1134 1856 1199 1921 qua

68 1917 175 2008 Apollo
198 1941 256 2005 spe
275 1920 408 1999 amoris,
440 1940 592 1986 concessa
611 1917 651 1986 illi
673 1919 878 1999 divinatione,
912 1919 1096 1999 frustratus,
1124 1940 1199 1985 vcra

67 2004 208 2090 quamvis
229 2001 347 2071 dicenti
367 2002 462 2070 iidem
484 2006 616 2073 sustulit
669 2004 764 2072 Undc
790 2005 884 2071 etiam
912 2001 1060 2089 Trojani,
1101 2025 1198 2093 quum

61 2088 129 2176 jaro
150 2089 288 2156 adventu
309 2087 452 2155 Helenae
472 2089 604 2179 'frojam
636 2089 861 2159 destruendam
889 2089 1106 2178 praediceret,
1141 2089 1196 2156 mi-
1206 2105 1240 2154 15

71 2175 152 2241 nime
172 2174 202 2240 ei
222 2172 369 2264 Apollinis
385 2173 476 2263 jussu
493 2175 676 2244 credebant

437 2327 529 2404 197.
591 2329 832 2405 Hecuba.

154 2456 309 2536 Hecuba,
339 2455 442 2523 Cissei
468 2456 547 2537 filia,
576 2457 696 2525 Priami
722 2457 809 2544 regis
827 2476 923 2534 uror,
952 2478 1048 2546 quum
1075 2455 1199 2525 Paridis

73 2541 209 2628 gravida
239 2551 340 2621 esset,
378 2541 498 2620 lacem,
536 2564 599 2630 qua
635 2544 711 2609 urbs
735 2540 975 2623 incenderetur,
1011 2566 1048 2610 se
1085 2565 1201 2630 parere

73 2627 158 2693 vidit
201 2627 298 2700 Quod
319 2648 416 2713 quum
438 2627 564 2692 Priamo
584 2640 746 2707 narraret,
767 2626 931 2706 intellexit,
960 2650 1112 2716 puerum,
1144 2629 1242 2715 quito

73 2723 277 2788 nasceretur,
299 2734 428 2778 causam
451 2711 588 2779 loturum
610 2711 828 2780 incendendae
849 2714 944 2778 urbis.
986 2714 1089 2786 Quem
1111 2714 1203 2800 geni-

76 2811 141 2864 rum
182 2808 274 2882 pater
311 2818 407 2883 quum
444 2797 573 2865 interire
605 2799 771 2889 jussisset,
808 2809 909 2863 mater
945 2800 1065 2884 pastori
1095 2799 1204 2864 lurtim

75 2882 247 2948 transmisit
267 2879 422 2947 alendum.
465 2887 491 2950 A
520 2904 583 2971 quo
615 2885 765 2964 nutritus,
798 2880 882 2948 adeo
906 2881 994 2948 sortis
1015 2897 1066 2951 est
1088 2884 1204 2962 lactus,

74 2979 111 3033 ut
130 2968 162 3032 in
186 2965 306 3055 'Projae
334 2966 461 3052 agonali
492 2970 662 3035 certamine
689 2979 855 3058 superaret
883 2990 1010 3045 omnes,
1039 2981 1073 3036 et
1100 2969 1204 3055 ipsum

73 3053 260 3119 Hectorem.
311 3052 375 3125 Qui
396 3074 491 3139 quum
511 3052 610 3119 iratus
630 3057 662 3119 in
682 3051 832 3121 Paridem
860 3052 1031 3138 stringeret
1051 3051 1245 3141 gradientes

73 3138 152 3204 dixit
172 3135 239 3213 ille,
266 3157 303 3202 se
324 3137 391 3224 ejus
413 3159 483 3204 esse
503 3160 700 3223 germanum.
750 3134 846 3213 Quod
867 3159 962 3223 quum
985 3141 1103 3206 mirom'
1119 3137 1205 3204 ride-

72 3233 183 3299 retur,
205 3220 304 3289 allatis
328 3221 526 3308 crepundiis,
546 3222 614 3311 ejus
639 3225 737 3292 irater
757 3235 807 3290 est
824 3223 992 3311 probatus,
1021 3235 1055 3291 et
1075 3247 1095 3290 a
1114 3235 1207 3311 patro

72 3307 106 3373 io
128 3306 263 3374 fratrum
283 3306 441 3375 consortia
461 3322 618 3397 receptus.

416 3474 510 3551 198.
570 3471 867 3577 Ganymedes.

160 3589 383 3693 Ganymedes,
427 3603 528 3670 'l'roili
561 3625 597 3670 re
633 3628 649 3672 s
677 3604 891 3694 'l’rojanorum
934 3613 968 3670 et
1008 3600 1248 3669 Callirrboaesu

73 3688 180 3770 iilius,
214 3706 347 3778 propter
368 3689 511 3775 corporis
533 3625 813 3776 pulcllitudinem,
848 3711 889 3753 ne
909 3688 1068 3754 infamiam
1091 3709 1211 3753 connu-

75 3775 121 3841 bii
140 3774 305 3841 masculini
325 3776 461 3853 subiret,
496 3774 570 3840 dum
590 3776 622 3839 in
643 3774 702 3841 Ida
723 3775 797 3842 silva
819 3787 1001 3852 venaretur,
1035 3774 1075 3838 ab
1108 3771 1212 3860 aquila

75 3860 110 3925 in
131 3859 257 3926 caelum
280 3871 411 3961 raptus,
446 3871 494 3927 est
515 3860 701 3926 constitutus
723 3861 876 3961 pincerna
904 3858 1053 3936 deorum,
1088 3869 1212 3924 remota
1302 3912 1305 3917 .

73 3945 194 4024 Hebe,
215 3947 350 4010 lunonis
371 3942 441 4009 lilia.
484 3942 580 4009 Unde
601 3956 634 4011 et
653 3944 800 4033 'Proqanis
820 3944 905 4010 Juno
924 3943 1078 4010 irascitur.
1126 3944 1212 4008 Poie-

76 4043 133 4097 tae
166 4043 275 4096 amant
303 4029 520 4116 garrulitatem
553 4050 642 4094 suam
671 4029 751 4095 falsa
781 4028 922 4095 illusione
950 4049 1074 4094 ornare.
1126 4027 1253 4093 Names

77 4128 115 4182 ut
143 4118 330 4193 Anacreon,
364 4113 596 4201 antiquissimus
625 4127 752 4192 auctor,
794 4115 923 4191 scribit,
951 4114 1096 4201 Juppiter
1133 4112 1208 4177 durn

77 4199 243 4266 adversus·
269 4198 420 4274 Titanas,
456 4196 489 4263 id
521 4210 570 4264 est
602 4199 707 4264 'litani
742 4197 837 4277 lilios,
879 4198 992 4264 bellum
1028 4211 1214 4272 assumeret,

77 4298 114 4352 et
132 4284 325 4351 sacrificium
347 4282 447 4349 Caelo
470 4284 616 4361 lecisset,
644 4283 676 4347 iu
706 4283 855 4350 victoriae
887 4283 1060 4372 auspicium
1090 4284 1215 4370 aquilae

78 4371 139 4436 sibi
171 4369 290 4435 adesse
322 4389 507 4456 prosperum
536 4367 612 4434 vidit
641 4367 786 4435 volatum.
835 4370 889 4436 Ob
922 4367 1008 4456 quod
1047 4380 1109 4433 tarn
1142 4368 1214 4432 lelix

78 4477 194 4529 omen,
232 4454 418 4540 praesertim
449 4452 521 4537 quia
549 4464 582 4517 et
601 4451 730 4520 victoria
751 4467 861 4520 secuta
883 4467 948 4525 est,
984 4453 1014 4515 in
1037 4454 1135 4540 signis
1157 4454 1257 4517 sibim

79 4541 218 4628 aquilam
243 4538 336 4614 lecit,
366 4537 546 4623 tutelaeque
566 4536 741 4622 dedicavit·
772 4538 866 4604 Unde
883 4554 923 4628 'et
945 4540 1081 4604 Romani
1110 4539 1215 4628 hujus·
1293 4553 1310 4610 ,’
