2640 5130
98 247 177 324 156
243 247 356 320 Notae
379 245 587 341 00600010
611 245 722 348 myth.
753 245 835 340 ΙΙΙ,
862 241 913 341 6,
949 244 1114 323 5531.

99 435 210 491 LMN
228 432 250 485 C
269 433 302 487 D.
320 435 390 485 -6
409 429 623 483 decennium
642 429 1071 505 desedafrageetaenomle.
1091 431 1203 484 unul.

100 506 190 560 ratius
207 521 272 556 cena
281 502 325 572 fr.
344 500 377 557 Ι..
396 519 443 572 pro
461 502 546 553 borna
565 507 591 554 et
608 501 691 554 borno
704 503 730 557 N
747 503 856 557 exbibet
871 521 953 568 rqena
971 513 1000 556 et
1016 521 1107 563 earnm·
1128 504 1155 558 Μ
1167 520 1203 557 ιι·
1238 492 1240 529 ¹

101 584 155 631 tem
180 592 245 628 orna
264 582 291 626 et
315 591 386 624 arua.
411 574 477 626 Hor.
496 573 526 629 C.
545 575 577 636 3,
591 576 640 636 23,
660 576 686 628 3.
703 598 738 616 -
753 579 773 627 ³
789 572 924 627 ducebant
943 576 980 631 Ν.
1010 574 1067 629 800
1082 575 1130 628 vid·
1139 577 1204 628 Seu.

101 647 135 701 ud
154 648 332 710 4012113.
352 668 388 685 -
413 648 459 696 Ae.
474 647 517 707 12,
536 645 596 698 114.
621 643 735 710 timpora
758 645 800 711 Ν,
824 644 960 697 cadavera
983 645 1098 698 L·-³
1129 646 1204 697 Btiau

87 714 181 770 'oront
198 717 239 781 N;
257 714 308 765 bae
325 731 427 785 quoque
444 732 480 764 er.
496 730 539 781 pr.
558 712 587 766 L.
602 737 636 753 -
657 718 689 766 11
709 723 743 765 ut
760 714 832 767 illud
847 716 884 771 N·
911 720 958 770 Ae.
975 720 1009 782 ³,
1022 721 1092 782 621,
1112 717 1152 769 ΙΝ
1164 716 1204 771 Vll.

103 791 179 842 Serv·
196 812 231 826 -·
256 789 291 836 1³
315 793 438 835 ornatum
461 786 499 849 Ν,
531 801 599 834 auro
622 795 745 836 cenatum
767 786 798 839 L.
814 814 849 829 -
871 789 907 840 14
942 789 1044 852 GH,
1059 790 1120 841 336.
1152 784 1205 840 ca·

104 858 177 910 duct.
201 857 236 913 N.
251 881 285 894 -
303 859 337 907 lb
355 853 480 905 uinctima
498 854 531 907 N.
547 878 580 895 ··
601 852 779 907 reluctabitur
802 856 842 911 Μ.
862 880 898 897 ··
923 857 1043 909 ostendit
1061 856 1167 912 [ΝΜ.
1180 882 1204 899 ·

103 933 139 982 16
166 927 229 982 Luc.
245 933 271 990 1,
287 929 346 977 106.
367 924 422 976 Vid.
440 928 514 978 Sem.
533 926 565 977 ad
584 925 634 978 Ge.
654 930 681 992 2.
692 931 755 980 305.
770 954 808 966 ·-
829 928 922 994 ettam)
939 944 994 986 on.
1013 928 1205 983 11111-11

99 998 235 1068 praesign.
259 994 354 1050 immol.
373 993 436 1048 LM
455 998 488 1049 N·
504 1020 540 1037 -·
566 999 600 1047 10
618 995 720 1067 signati
735 997 763 1049 Η
779 997 801 1049 L
819 997 854 1052 N.
873 1024 911 1038 -·
928 1003 967 1051 20
989 1017 1074 1071 quum
1094 997 1205 1055 auim-

103 1070 187 1132 tiost.)
208 1082 260 1118 om.
282 1067 327 1130 Μ,
350 1065 393 1131 qul
413 1064 502 1118 hebet:
531 1075 582 1116 aut
601 1065 632 1115 ele
645 1077 727 1136 porte
744 1067 862 1125 hostiae,
887 1079 939 1121 aut
956 1068 989 1121 tle
1005 1070 1058 1125 int.
1074 1089 1102 1122 ν.
1118 1071 1203 1137 -21)

103 1141 151 1192 Ae.
164 1143 198 1203 6,
212 1141 265 1190 253
284 1137 345 1202 ibiq.
359 1138 434 1189 Serv.
454 1164 482 1177 -
502 1136 640 1206 imponunt
656 1139 697 1191 Μ.
716 1163 745 1180 ··
812 1137 921 1204 tractis)
938 1138 1070 1193 (limais
1091 1138 1126 1205 03
1140 1140 1205 1191 tectu

103 1211 130 1263 H
148 1210 186 1271 D;
209 1207 295 1276 jactis
313 1208 352 1259 M.
370 1233 401 1246 -
421 1207 463 1269 de)
486 1223 537 1264 om.
556 1209 578 1259 C
594 1209 627 1259 D.
644 1232 678 1249 -
704 1207 987 1278 euperimpanebantur
1006 1211 1030 1263 C
1047 1210 1088 1275 Ι),
1108 1211 1205 1280 impu*

104 1279 186 1330 batur
204 1278 242 1343 Ι.,
265 1275 413 1346 imponebat
434 1279 468 1332 N.
490 1304 522 1318 -
542 1283 577 1330 23
595 1276 738 1331 reddebant
759 1279 830 1332 LN.
846 1307 883 1320 -·
898 1283 935 1335 ³4
961 1284 1009 1335 Ae.
1028 1286 1064 1347 6,
1079 1283 1137 1336 264.
1166 1282 1205 1333 ln·

98 1350 221 1422 fundens
239 1348 268 1401 Ι..
281 1375 316 1386 -
330 1352 366 1400 26
384 1357 417 1399 ut
433 1358 475 1401 eet
493 1349 526 1403 N.
551 1350 598 1402 Ae.
613 1354 640 1414 6,
653 1354 706 1402 227
724 1350 785 1418 ibiq.
803 1351 880 1404 Seru·
892 1378 928 1413 -φ
939 1351 1041 1421 proicit
1059 1351 1081 1404 L
1095 1353 1165 1406 N0-
1176 1355 1205 1404 N

98 1421 167 1492 suso
185 1428 255 1473 tant.
273 1417 302 1470 in
319 1436 360 1475 ar.
378 1419 400 1472 L
416 1421 449 1472 Ν.
468 1445 499 1458 -
518 1429 551 1470 ut
570 1429 611 1471 est
628 1422 662 1473 N.
681 1424 729 1474 Ae·
744 1426 770 1486 ³,
785 1424 830 1479 61.
841 1448 877 1461 -
893 1427 929 1474 m
947 1422 1028 1475 moris
1047 1439 1145 1495 quaque
1156 1432 1206 1472 eret

103 1488 285 1545 sacerdotibus
307 1489 328 1543 L
346 1491 381 1545 N.
402 1515 436 1531 -
460 1494 497 1542 23
518 1489 641 1542 immitet
664 1491 694 1548 L.
712 1517 747 1532 -
772 1499 804 1542 ut
827 1502 868 1542 eut
885 1494 926 1557 N;
948 1509 1001 1546 om.
1018 1492 1051 1551 L.
1068 1490 1151 1557 M,
1162 1495 1205 1546 246

103 1563 165 1629 unq.
183 1564 257 1615 Serv·
275 1589 311 1600 -
334 1563 367 1612 ³1
393 1559 495 1626 ominis)
519 1561 630 1613 bominis
652 1562 695 1625 Η,
719 1561 749 1613 in
771 1559 830 1613 olto
851 1562 950 1615 nimius
967 1565 1007 1619 M.
1021 1591 1060 1603 -
1074 1568 1110 1616 32
1130 1573 1206 1615 nocta

104 1632 224 1696 DLN;
251 1640 369 1682 muctare
394 1633 424 1685 C.
447 1658 476 1674 ·-
506 1648 604 1703 augere
632 1633 654 1684 C
675 1633 705 1685 M
724 1633 766 1698 Ν,
792 1648 862 1704 auge
884 1634 909 1687 L
929 1634 963 1690 D.
991 1659 1024 1676 -
1052 1638 1087 1688 ³³
1110 1633 1205 1697 auten)

102 1703 185 1756 etiam
211 1702 246 1756 Η.
268 1729 305 1741 -
327 1704 391 1766 aut)
415 1718 466 1757 om.
488 1702 524 1756 N.
558 1705 625 1756 Sunt
646 1704 738 1757 iterum
760 1704 839 1764 narba
855 1705 930 1760 Serv.
948 1703 984 1758 ed
1002 1707 1052 1760 Ae.
1066 1709 1092 1772 0,
1107 1709 1205 1759 641.-

103 1784 132 1826 et
148 1775 238 1826 uinum
256 1773 290 1826 N.
307 1796 340 1813 ·-
359 1772 515 1844 fundebant
539 1774 572 1828 Ν.
586 1800 622 1812 -
638 1777 674 1827 ³4
692 1772 813 1825 dicebant
832 1774 853 1827 L
873 1776 904 1828 M
917 1776 953 1832 Ν.
973 1802 1012 1815 -
1045 1778 1152 1828 Meum
1170 1783 1205 1826 eu

103 1856 202 1898 taurus
219 1845 242 1896 C
256 1844 285 1895 Ι).
302 1869 338 1883 -
355 1845 393 1909 et)
410 1842 452 1896 vel
468 1845 490 1898 G
504 1845 537 1897 D.
552 1871 590 1884 -
606 1843 687 1895 tlture
710 1843 755 1896 uel
776 1844 837 1896 uino
859 1846 901 1910 Ν,
924 1845 1005 1899 itum
1021 1845 1140 1898 uideliuu
1154 1847 1204 1897 eim

104 1914 138 1968 Ι...
155 1943 189 1954 -
203 1914 234 1965 iu
249 1912 309 1980 est)
325 1929 376 1966 om.
395 1914 416 1968 L
431 1915 472 1980 Ν,
499 1914 546 1966 boc
561 1923 602 1966 eu
620 1916 642 1967 C
658 1915 690 1968 Ι).
704 1939 738 1958 ·-
756 1919 792 1969 ³5
816 1914 915 1970 cumul.
931 1926 973 1970 eet
990 1917 1081 1970 ouria
1095 1926 1121 1968 et
1139 1933 1169 1967 m.
1182 1932 1203 1967 a.

104 1986 127 2037 C
142 1988 174 2040 D.
189 2013 225 2024 -
242 1983 339 2036 cumul.
356 1985 375 2039 i.
393 2001 416 2035 e.
434 1984 519 2055 magio
535 2002 562 2039 0.
582 1985 602 2037 L
616 1986 649 2039 Ν.
661 2013 698 2024 -
713 1991 749 2038 36
772 1989 819 2039 Ae.
836 1991 868 2052 3,
885 1990 947 2043 641.
957 2012 1001 2029 υ-
1035 1991 1125 2040 Macte
1147 2002 1203 2037 nora

104 2077 131 2108 ν.
145 2075 174 2126 p.
193 2055 214 2108 Ι.
233 2063 260 2108 et
282 2056 358 2109 codd.
382 2058 456 2123 Virg.
473 2083 511 2095 -
532 2060 567 2108 31
582 2065 617 2106 at
641 2054 714 2107 alius
733 2057 758 2109 H
774 2057 813 2110 Μ.
839 2058 939 2123 110010,
963 2074 1023 2112 mm
1040 2060 1107 2113 Stat.
1123 2055 1202 2115 101,

102 2130 157 2180 280
172 2128 285 2180 affertur.
303 2153 339 2166 -
355 2127 499 2192 ³9etiam)
516 2125 579 2176 item
597 2126 636 2179 Μ.
652 2151 684 2166 ·-
702 2125 789 2194 legim.
808 2125 879 2182 verb.
896 2130 931 2182 Ν.
945 2155 978 2171 -
997 2139 1030 2180 ut
1047 2138 1088 2181 est
1104 2129 1135 2184 N.
1160 2129 1200 2180 (it.

102 2202 129 2263 2,
147 2203 207 2252 103.
226 2223 259 2239 -
278 2201 313 2249 40
324 2196 437 2265 pandis)
452 2195 565 2266 spormis
581 2197 626 2261 Μ,
650 2197 676 2248 iu
693 2199 807 2265 margine
829 2203 916 2252 antem
938 2199 1059 2268 spondis.
1078 2226 1115 2239 -
1134 2197 1199 2267 spir.)

97 2268 241 2340 fumantia
258 2269 337 2333 vulgo
359 2285 391 2337 up
410 2269 483 2335 Virg.
502 2291 535 2311 -
552 2269 630 2334 exta)
653 2283 705 2322 om.
722 2268 753 2325 Ι..
775 2294 808 2310 ··
825 2272 859 2322 41
882 2269 1017 2323 reddimus
1040 2272 1072 2327 N.
1091 2292 1124 2311 -
1145 2267 1199 2319 enm

104 2349 131 2393 et
147 2349 212 2390 exto
228 2355 279 2390 om.
299 2340 331 2391 Ν.
347 2365 382 2376 -
399 2343 479 2409 quae)
497 2356 577 2409 quum
595 2338 615 2390 L
630 2339 661 2391 Μ
673 2340 706 2393 Ν.
716 2363 752 2379 -
768 2341 804 2391 42
822 2338 952 2391 cavebant
972 2342 1004 2394 L.
1023 2367 1058 2386 -
1073 2344 1108 2394 46
1120 2335 1198 2390 mucul.

103 2409 165 2464 hab.
185 2411 218 2463 N.
244 2410 311 2461 Hinc
335 2411 428 2475 corrig.
447 2411 519 2462 Serv.
538 2410 571 2461 ud
594 2412 641 2461 Ae.
657 2413 687 2477 6,
702 2413 738 2461 39
761 2411 805 2462 ubi
823 2417 862 2464 est
878 2411 1041 2466 aculeatam.
1056 2438 1092 2455 -
1108 2411 1161 2477 nec)
1173 2425 1197 2457 m

104 2484 126 2535 C
141 2482 164 2533 D
180 2481 216 2533 M.
235 2507 270 2520 ·-
288 2492 347 2533 aur.
364 2480 473 2531 ocimum
495 2480 515 2531 L
533 2481 573 2544 Ν,
584 2480 674 2548 fixum
692 2480 731 2534 Μ.
752 2505 785 2521 ·-
803 2485 839 2534 44
856 2478 956 2533 bident.
974 2481 1046 2555 ubiq.
1063 2483 1196 2536 LN.-lb

103 2555 130 2604 in
151 2552 235 2603 sacris
257 2553 289 2604 Ν.
308 2577 343 2592 -
365 2549 543 2601 admittebant
563 2551 583 2602 Ι.
601 2551 635 2605 Ν.
653 2576 688 2592 ·-
712 2553 747 2604 46
772 2549 857 2602 bubuu
876 2551 910 2606 N.
930 2577 967 2594 ·-
990 2557 1038 2608 Ae.
1054 2556 1130 2618 6,36
1149 2551 1194 2614 1014

103 2626 177 2678 Serv.
191 2650 226 2662 --
244 2623 275 2671 de
292 2621 395 2672 intacto
410 2639 490 2693 grege
511 2621 581 2675 LN.
598 2647 633 2660 ·-
659 2636 683 2690 p.
698 2625 792 2685 196,1
819 2625 894 2676 Serv.
911 2622 945 2675 ud
965 2625 1011 2676 Ae.
1026 2628 1052 2690 4,
1063 2630 1105 2678 61.
1120 2624 1193 2685 6,39.

103 2723 140 2735 -
158 2694 237 2765 quusi
260 2691 357 2744 bientee
379 2692 447 2746 LN.
464 2719 494 2732 -
519 2696 537 2743 2
561 2709 609 2743 nec
627 2694 740 2757 majores
758 2701 808 2743 aut
830 2696 890 2756 (nec
910 2693 988 2760 CN)
1014 2696 1076 2751 min.
1093 2693 1192 2746 LN.·

102 2765 213 2830 immol·)
234 2764 336 2815 hostias
355 2763 418 2814 dare
440 2763 462 2814 C
477 2764 509 2815 D.
528 2788 561 2803 ·-
579 2766 597 2815 4
620 2771 648 2813 et
663 2763 713 2812 liae
731 2761 814 2827 solae)
835 2762 882 2814 ..eo
900 2763 928 2814 in
947 2764 990 2816 liis
1010 2783 1078 2836 quae
1096 2766 1193 2816 Serv.-

102 2843 120 2889 5
139 2836 244 2905 propr.)
264 2834 384 2885 Primum
409 2834 448 2887 Μ.
473 2861 506 2874 -
533 2832 594 2884 dab.
611 2851 652 2884 ou.
671 2832 731 2883 lect.
754 2832 789 2897 L;
814 2832 874 2883 dab.
895 2833 970 2887 lectis
990 2837 1076 2905 partie
1093 2836 1128 2888 Μ.
1151 2830 1194 2883 “lit

103 2908 160 2961 cod.
183 2923 230 2975 pro
251 2905 397 2972 porrecti„
428 2905 476 2957 nisi
502 2906 559 2970 quis
577 2905 672 2956 mavult
686 2903 801 2971 ,στάθμ’
838 2905 939 2957 Murus.
957 2933 991 2945 -
1008 2912 1026 2960 6
1047 2906 1121 2958 exim
1135 2917 1192 2974 pac·

102 2979 124 3032 L
140 2981 179 3042 Ν,
204 2994 250 3045 pro
269 2992 320 3042 quo
339 2976 368 3028 Μ
386 2975 498 3030 exuviis.
515 3003 552 3013 -
569 2973 651 3026 bubus
669 2975 703 3029 N.
719 3001 754 3012 --
771 2973 802 3023 iel
815 2976 871 3042 eut)
889 2984 917 3026 et
935 2976 975 3029 Μ.
990 3002 1027 3018 -·

185 3051 237 3116 ³3.
282 3065 328 3118 Ad
350 3065 398 3116 boc
423 3066 443 3117 L
461 3065 495 3118 Ν.
510 3094 545 3104 -
563 3069 598 3117 10
617 3062 770 3133 repetebant
788 3064 857 3119 LN.
870 3094 907 3107 -
921 3069 954 3118 11
973 3066 1067 3136 arpii?
1083 3065 1109 3118 Η
1123 3063 1191 3121 Ι..-

102 3143 137 3192 12
154 3142 202 3192 Ae.
217 3142 243 3202 ³,
255 3142 305 3189 231
325 3137 387 3203 ibiq.
404 3138 477 3191 Serv.
495 3163 531 3174 -
548 3136 621 3205 ignes
641 3137 669 3188 Ι..
689 3175 696 3188 .
711 3167 747 3179 -
765 3139 798 3187 13
820 3149 886 3190 mov.
910 3135 998 3190 simul.
1016 3137 1036 3191 L
1051 3137 1084 3190 N.
1097 3165 1131 3177 —
1143 3133 1191 3188 flur.

102 3212 132 3263 C.
152 3214 290 3275 1,18,11.
309 3236 345 3248 -
364 3210 397 3260 14
421 3209 493 3272 virg.
511 3209 558 3262 Ae.
573 3211 598 3272 4,
612 3211 662 3259 301
683 3207 744 3272 ibiq.
762 3208 835 3259 Serv.
850 3236 891 3248 -
910 3212 943 3266 15
969 3207 1044 3273 thiae
1062 3207 1090 3259 1..
1105 3236 1138 3249 -
1163 3203 1191 3253 Bt

101 3280 198 3332 scient.
217 3279 237 3331 L
255 3280 284 3332 Μ
302 3281 335 3331 Ν.
354 3307 389 3318 -
411 3277 436 3327 ei
453 3294 504 3332 om.
524 3277 543 3329 L
559 3280 592 3330 N.
610 3307 645 3318 —
670 3274 874 3344 sacrificabatur
890 3277 913 3330 L
931 3278 970 3330 Μ.
983 3307 1019 3320 -
1038 3281 1071 3330 16
1095 3277 1144 3347 ipse
1161 3272 1192 3323 lt·

101 3370 147 3402 cus
165 3353 204 3414 Ν,
227 3366 278 3401 om·
298 3351 328 3402 M
345 3349 380 3405 H.
397 3377 433 3387 -
451 3351 529 3415 cujus
545 3347 714 3399 simulacrum
730 3349 769 3400 Μ.
783 3379 819 3391 -
836 3353 869 3399 11
904 3348 974 3400 Alia
990 3366 1052 3400 uera
1073 3349 1106 3402 Ν.
1122 3346 1191 3395 -16

100 3421 179 3486 olibi)
197 3437 248 3477 om.
267 3421 307 3485 Ν,
330 3419 396 3470 alibi
414 3418 450 3473 id.
467 3417 501 3476 L.
534 3447 570 3459 -
597 3424 630 3471 19
653 3421 793 3483 (10.3,10
811 3419 872 3483 ibiq.
890 3420 965 3471 Serv.
981 3450 1019 3462 -
1033 3423 1070 3471 20
1086 3416 1135 3483 ait)
1153 3428 1192 3475 ou.

100 3493 181 3547 Ι..-
196 3497 229 3544 21
244 3491 319 3560 fore)
337 3506 387 3544 om.
405 3490 435 3543 L.
451 3519 487 3531 -
504 3489 620 3540 adduxit
644 3489 730 3546 1..-
754 3493 790 3540 22
815 3487 882 3560 quid
906 3489 974 3540 enim
998 3487 1100 3542 dicebat
1122 3482 1192 3553 templ.

99 3566 125 3617 N
141 3564 170 3618 L.
186 3591 222 3603 -
238 3567 272 3614 23
294 3569 452 3629 potestatem
468 3569 522 3610 ten.
542 3562 574 3614 N.
591 3592 627 3603 -
644 3580 713 3611 num.
733 3558 783 3612 dic.
801 3559 833 3614 L.
847 3589 883 3602 ·-
899 3563 935 3612 24
953 3577 1056 3613 necesse
1070 3566 1126 3610 erat
1140 3555 1191 3610 LN·

99 3663 135 3675 -
152 3634 196 3701 et)
216 3651 265 3687 om.
284 3632 318 3697 Ι.,
343 3641 374 3681 ut
392 3633 426 3687 N.
443 3659 480 3670 —
497 3631 639 3682 discederet
656 3633 689 3684 N.
702 3660 737 3672 -
753 3634 789 3682 25
816 3631 897 3679 etiam
916 3632 952 3681 R.
970 3631 1049 3683 moris
1065 3629 1192 3700 031.-

98 3709 134 3758 26
148 3704 238 3774 pollic.
257 3722 327 3759 num.
344 3703 378 3756 Ν.
393 3728 425 3740 ·-
445 3705 559 3768 Romae)
576 3717 627 3754 om·
646 3702 685 3757 M.
697 3732 740 3771 -,
749 3705 785 3752 28
803 3699 918 3771 aliquid)
932 3716 982 3753 om.
1002 3701 1023 3754 L
1041 3702 1073 3756 N.
1088 3729 1122 3743 -
1137 3693 1193 3752 dab.)

99 3775 243 3828 debebatur
261 3774 281 3826 L
296 3776 329 3828 N.
345 3802 381 3814 -
398 3773 460 3839 boc)
485 3789 535 3825 om.
558 3773 579 3826 L
601 3774 635 3826 N·
652 3802 686 3814 -
704 3777 741 3824 ³0
766 3775 812 3825 Ae.
826 3775 858 3835 3,
873 3776 927 3823 222
949 3771 1011 3838 ibiq.
1036 3773 1108 3825 Serv.
1122 3764 1193 3819 -11

98 3864 240 3917 nonnumq.
259 3864 315 3898 uen.
334 3847 367 3899 N.
384 3871 418 3882 -
433 3847 467 3895 33
487 3843 524 3892 ael
539 3861 610 3894 num.
633 3839 841 3894 immorabantur
859 3841 880 3895 L
894 3842 927 3896 N·
941 3869 978 3881 -
995 3845 1031 3896 ³4
1054 3841 1123 3915 quod
1136 3834 1194 3891 ΙΝ.

96 3947 133 3959 -
150 3920 185 3968 ³5
203 3936 244 3973 uu.
260 3916 352 3986 populi
368 3912 537 3966 immolabant
557 3914 576 3966 L
597 3915 627 3967 Μ
645 3915 679 3968 Ν.
692 3942 728 3954 -
746 3912 834 3962 dicim
851 3913 887 3966 N.
901 3941 946 3952 —
964 3915 1000 3966 ³6
1016 3931 1078 3964 nam
1093 3921 1120 3963 et
1134 3909 1153 3962 L
1165 3905 1193 3961 Ν.

97 4010 133 4023 -
150 3989 183 4038 31
202 4005 219 4036 a
237 3985 356 4055 plebibus
374 3995 400 4036 et
418 4004 457 4058 eq.
478 3985 497 4037 L
514 3986 547 4040 N.
564 4010 608 4020 -
624 3990 660 4038 ³³
684 3980 887 4052 triumphabant
910 3981 932 4034 L
948 3984 982 4038 N.
998 4011 1034 4023 -
1057 3982 1123 4035 albis
1146 3990 1195 4032 101·

98 4065 155 4105 tum
172 4057 246 4126 equis
265 4055 335 4107 uteb.
352 4058 385 4109 N.
406 4085 450 4095 —
467 4055 614 4107 utebantur
632 4056 652 4108 L
668 4057 701 4109 N.
719 4082 755 4094 -
771 4058 806 4107 40
823 4053 851 4104 in
870 4052 1030 4123 Capitolium
1046 4056 1071 4110 N
1089 4064 1194 4107 114011·

97 4125 130 4177 dn
147 4142 290 4181 01000.-
307 4125 461 4178 mactabant
481 4126 500 4178 L
518 4128 551 4180 Ν.
570 4151 610 4162 ···

182 4198 233 4263 34.
268 4212 300 4267 ’1.
318 4221 353 4268 42
377 4226 409 4267 ut
430 4216 549 4267 *diuinum
566 4224 625 4284 post
643 4213 768 4265 caelestis
785 4214 895 4267 collocat
911 4214 952 4279 Ν,
976 4202 1004 4268 el
1026 4182 1197 4268 0011111100).

95 4315 140 4331 -
156 4286 192 4338 44
209 4286 256 4357 qui
276 4285 375 4357 deprec.
394 4297 456 4340 sunt
476 4288 509 4343 N.
523 4318 567 4330 -
601 4288 674 4340 Hinc
692 4284 773 4337 etiam
790 4295 832 4336 est
850 4285 881 4340 L.
893 4312 938 4326 -
953 4287 1018 4358 qui)
1037 4286 1108 4358 quad
1122 4284 1152 4338 Ι..
1162 4306 1198 4324 ·-
