2640 5130
305 626 487 727 Mythogr.
515 628 586 699 111.
640 623 703 700 ss.
756 621 950 702 td-ib.
1114 620 1196 695 257

69 802 286 891 frequentior,
317 805 464 893 neglecta
486 805 709 875 vocabulorum
727 806 871 896 origine,
903 818 1073 895 utrumque
1093 827 1196 895 nugu-

66 889 150 954 rium
171 890 390 959 indifferenter
411 892 556 980 appellat

154 974 206 1041 14.
250 978 462 1063 Auguriorum
480 999 554 1041 raro
573 974 634 1042 alia
662 973 797 1043 oblativa
820 988 910 1051 sunt,
938 973 971 1042 id
999 985 1067 1055 est,
1109 997 1194 1062 quae

68 1074 348 1211 ιιιιιὶῒροιῦιιιιιιιη
365 1061 436 1215 ιιιῐίῗἰ
448 1062 661 1215 ἱωιὲιίῑιὲῑὶιι,
695 1061 728 1126 id
750 1073 815 1139 est,
852 1082 935 1150 quae
954 1072 1064 1150 optata
1081 1081 1194 1148 prore-

67 1165 168 1209 uru.
242 1168 475 1213 ermeraro
536 1168 634 1213 aus:
1202 1164 1220 1213 ι

152 1171 569 1333 luppiterpomnipotens,
597 1249 681 1295 rtem
702 1238 736 1292 te
751 1227 951 1316 pernicibus
980 1228 1050 1295 olis
1070 1240 1133 1299 ete.

65 1310 122 1381 De
141 1314 277 1381 oblatrro
298 1314 467 1402 Virgilius:

462 1402 625 1490 geminae
644 1421 750 1490 qurum
762 1396 861 1486 fhrte
877 1395 1052 1464 columbae
1070 1408 1132 1467 etc.

66 1481 139 1551 Nisi
159 1482 242 1549 enim
262 1482 432 1552 ablativum
449 1497 550 1568 esset,
572 1484 672 1574 forte
701 1504 764 1548 non
791 1481 974 1550 addidisset
1029 1483 1195 1552 Nonnum·
1249 1504 1254 1523 ’

64 1590 165 1657 quam
183 1580 290 1636 tamen
310 1570 379 1658 ipsa
399 1592 540 1659 augures
560 1594 601 1636 ex
620 1569 788 1636 devotione
815 1568 959 1635 lecerunt
985 1568 1237 1673 impetretiram)

66 1674 155 1743 quae
174 1653 258 1720 nitro
302 1669 489 1724 rorenerant
509 1655 653 1723 oblativa.
697 1652 792 1722 Unde
812 1652 929 1721 ibidem
949 1655 1111 1725 subditur:

150 1737 237 1803 Este
257 1677 377 1816 (ὅκοι,
405 1763 440 1818 ο,
468 1741 501 1805 si
520 1764 589 1845 quo
608 1744 668 1805 vla
688 1752 752 1805 est.

67 1821 209 1910 Legitur
230 1823 407 1910 auguralis,
426 1837 464 1892 ut
479 1823 630 1905 diximus,
653 1825 750 1892 luisse
769 1821 1013 1905 observationis,
1034 1834 1070 1891 ut
1091 1846 1194 1913 nugu-

65 1908 114 1973 ria
133 1930 173 1974 ca
196 1919 299 1975 tentes
326 1921 415 1977 certa
446 1913 547 1998 spatia
577 1909 798 1997 designarent,
839 1910 870 1974 in
904 1910 1019 1994 quibus
1050 1909 1194 1979 sciebant

66 1990 160 2059 siden
183 2016 204 2058 a
224 1992 266 2058 ud
287 2016 324 2059 se
342 1996 509 2086 pertinere.
549 1994 645 2062 Unde
665 1996 850 2085 peritissime
869 1994 1065 2082 interjectum
1086 2008 1151 2063 est:
1200 2017 1234 2066 ιι

150 2078 237 2227 sssa
259 2077 321 2141 sub
339 2102 401 2143 ora
422 2081 493 2145 viri
506 2078 600 2144 caelo
626 2100 747 2146 venere
765 2079 930 2152 volantes,

219 2162 331 2227 viridi
346 2164 462 2228 sedere
491 2163 563 2229 eolo
604 2198 882 2214 --—·-—

65 2268 111 2314 ne
125 2245 292 2325 videlicet,
312 2248 339 2313 si
357 2247 407 2313 ion
434 2249 484 2316 ‘us
503 2248 659 2325 volarent,
689 2243 823 2311 adeum
845 2265 908 2308 nou
928 2243 1088 2332 pertinere
1108 2244 1195 2314 vide-

65 2343 196 2411 rentur,
234 2332 322 2398 Hinc
349 2332 381 2397 in
410 2271 477 2401 lli
502 2334 545 2399 de
578 2328 773 2421 apparitione
806 2330 929 2416 aquiiae
967 2330 1087 2397 dictum
1129 2345 1193 2400 est:

65 2418 292 2503 Monstraque
320 2414 473 2506 fefellit.
522 2417 602 2484 Illud
631 2437 767 2502 namque
793 2416 960 2497 augurium
992 2438 1104 2481 carere
1127 2418 1234 2489 fidene

65 2500 203 2577 indicet,
232 2500 313 2566 sede
332 2514 460 2589 negata.
512 2504 713 2589 Ubicumque
734 2499 815 2565 enirn
838 2503 961 2565 tirnrurn
983 2500 1073 2566 Maro
1095 2503 1193 2569 intro·

65 2585 154 2652 ducit
175 2585 356 2671 origarium,
375 2585 485 2655 sedem
507 2589 537 2654 ei
557 2588 765 2653 firmissimam
786 2584 849 2650 dat.
893 2588 949 2651 Sic
967 2585 999 2650 in
1018 2588 1193 2658 Bucolicis:

150 2671 263 2757 Saepe
288 2672 542 2737 sinistramve
563 2671 746 2759 praedixit
762 2667 806 2732 ab
827 2669 907 2734 ilice
927 2671 1060 2735 cornix.

64 2752 189 2823 Inbue
217 2754 313 2820 etiam
340 2755 476 2843 augurio
507 2756 672 2825 liberatum
697 2776 836 2842 egnum
868 2754 900 2819 in
927 2776 1010 2841 aqua
1039 2754 1193 2823 cecidisse

64 2838 160 2918 dicit,
193 2837 282 2927 quod
313 2839 459 2908 instabile
488 2841 586 2908 luisse
620 2841 702 2907 mani
717 2852 820 2905 estum
849 2850 907 2907 est.
964 2840 1035 2905 Nec
1069 2843 1233 2917 mirantes

87 2946 161 2989 num
182 2944 296 2990 revera
327 2948 388 2991 nec
415 2925 584 2993 obiatirum
614 2926 727 3005 suerit,
761 2946 821 2989 nec
853 2925 1099 3013 impetrativurn,
1133 2927 1190 2993 sed

78 3010 205 3075 actim
223 3009 376 3076 Iuturnae
400 3013 582 3079 immissum.
629 3011 676 3077 Et
701 3007 818 3078 scimus
847 3012 956 3097 titique
983 3010 1047 3075 hoc
1075 3012 1193 3099 ubique

62 3114 193 3160 serrare
213 3094 395 3183 Virgilium,
426 3108 462 3163 ut
490 3098 605 3185 quibus
625 3098 724 3162 rebus
745 3106 882 3183 negatus
913 3108 962 3162 est
982 3097 1102 3176 esitus,
1134 3096 1192 3165 det

62 3180 158 3245 ειίιιιι
179 3178 305 3247 infirm
325 3181 486 3270 principia.
528 3184 586 3251 Sic
604 3181 636 3246 iu
657 3180 798 3247 'l'bracia
813 3179 1027 3247 considentem
1043 3185 1190 3259 Aeneam,

61 3266 686 3420 rueretrueret,
701 3266 921 3419 cruit
936 3265 978 3331 <¹⁰
998 3265 1232 3417 ¹2:239,le

472 3375 482 3417 ι
697 3375 713 3419 ι
953 3375 971 3417 a
1076 3375 1083 3415 ι
1181 3402 1190 3429 ,

61 3432 146 3521 quae
168 3432 349 3502 leieitatn
375 3436 541 3504 ridebatur
570 3374 701 3507 stlerrpg
735 3436 855 3501 dictum
889 3447 954 3502 est:
973 3374 1154 3524 pilorripio
1171 3458 1191 3499 e

61 3518 189 3583 stratis
207 3542 346 3605 eorpus.
386 3522 471 3589 Nam
490 3524 594 3589 statim
614 3536 678 3589 tem
738 3533 786 3589 tas
807 3516 980 3586 subiecute
1007 3532 1066 3587 est.
1109 3522 1190 3587 ltem

59 3602 93 3668 in
111 3601 276 3670 munda:
317 3604 489 3672 Excutior
514 3631 640 3671 somno.
713 3618 825 3672 turos
853 3606 971 3672 illatum
999 3618 1049 3671 est
1073 3604 1188 3673 civitati

61 3687 229 3755 esddium.
269 3688 427 3763 Quotiens
447 3691 530 3759 enirn
550 3714 591 3757 ex
611 3694 747 3779 abrupto
765 3712 893 3759 somnus
911 3690 1089 3777 aufugerit,
1121 3693 1232 3779 sig-ee

61 3773 186 3851 nificat,
218 3782 258 3840 ui
276 3774 322 3839 ait
341 3776 491 3856 Senius,
527 3799 620 3843 umen
638 3776 753 3842 insebx.
795 3776 867 3842 Nec
900 3776 1064 3842 immerito.
1107 3776 1189 3843 Nnrn

61 3858 260 3937 nisomuus,
278 3858 399 3946 inquit,
420 3884 534 3930 munus
553 3862 686 3927 deornm
707 3874 773 3941 cst,
793 3875 851 3929 nt:
892 3862 941 3926 Et
961 3861 1050 3924 dono
1068 3860 1191 3927 dicdm

57 3943 273 4029 gratissima
290 3947 425 4031 serpitc
456 3968 522 4014 uon
541 3948 611 4015 sine
628 3945 812 4014 infelicitate
831 3968 870 4013 ex
891 3948 1027 4033 abrupto
1054 3944 1190 4013 deorum

59 4046 174 4094 nuu-
193 4025 351 4094 abab

142 4112 198 4179 15.
240 4111 320 4179 Fuit
338 4112 433 4180 etiam
451 4113 484 4180 in
503 4115 646 4185 oblativis
666 4116 809 4203 augun’is
823 4115 884 4182 sub
897 4115 1027 4187 arbitrio
1045 4110 1232 4195 ridentium

59 4204 168 4263 mn
188 4196 258 4263 risa
273 4194 317 4263 ad
337 4220 376 4264 se
388 4201 555 4303 pertinere
582 4202 691 4279 redet,
720 4224 762 4267 ιιι
793 4200 947 4267 refutaret
974 4212 1008 4267 et
1027 4198 1189 4265 ebornino-

59 4294 159 4349 ream.
212 4280 312 4378 Unde
329 4294 363 4350 et
388 4307 421 4351 ιιι
447 4285 564 4353 endem
590 4286 728 4375 augurio
761 4286 804 4351 ab
833 4307 959 4374 augure
987 4286 1188 4371 subjunctum

59 4378 126 4433 est:
169 4365 320 4453 Aeespr'o
350 4390 567 4459 agnoscoque
596 4373 693 4452 deoc
733 4370 797 4437 boc
827 4384 892 4449 est,
929 4370 1098 4456 augurium
1127 4370 1190 4435 boc

60 4448 196 4517 libenter
215 4450 409 4537 upleaor,
443 4466 478 4521 et
496 4457 584 4525 eirea
603 4478 662 4523 nos
694 4455 833 4523 iasorern
859 4456 992 4521 deorum
1025 4476 1189 4541 ιςιιιιιως

59 4534 166 4621 ibique
192 4530 350 4631 deeeptus
380 4550 543 4628 umquem
579 4540 624 4608 de
653 4542 789 4608 obletiro
821 4542 898 4627 agit
966 4540 1047 4607 ltern
1080 4541 1112 4605 in
1143 4542 1230 4616 vm

63 4616 140 4687 Noe
154 4640 337 4686 mimus
355 4644 451 4690 men
471 4622 599 4693 abnuit
619 4627 768 4698 Aeneas.
819 4624 898 4695 Fuit
927 4625 1022 4695 edam
1048 4626 1185 4695 lionam
