2692 4762
437 271 543 331 olims
586 270 811 331 essentem.
1154 272 1193 328 lx

60 441 151 508 nulls
181 438 367 530 malignitas
395 437 581 524 invenitur,
614 442 657 507 ita
681 462 790 530 neque
813 436 940 529 pulices
960 434 1069 528 neque
1089 434 1191 530 pedu-

59 530 130 594 clos
164 547 273 617 neque
303 524 434 592 cimices
462 537 518 591 aut
545 527 672 617 aliquid
685 526 792 678 ¹'pund
818 535 869 590 est
898 525 1034 590 noxium
1071 526 1193 592 hahere

59 622 210 714 posspnt.
265 609 468 677 Vestimenta
500 635 613 678 corum
646 636 683 677 so
723 612 812 677 cdere
842 610 1029 695 nesciunt,
1048 611 1137 699 quod
1162 613 1194 678 si

59 697 254 851 codh'lgelil'
276 720 337 788 per
357 698 467 788 ignem
487 698 567 763 solis
588 699 727 765 loturam
750 704 942 802 expectante
962 695 1080 762 ardens
1103 696 1192 763 enim

65 809 98 850 m
147 807 185 848 or
241 828 250 846 .

144 888 180 953 i.
225 885 311 953 Sunt
336 894 443 951 sutem
471 898 551 976 aput
587 909 644 954 eos
671 886 797 977 lapides
825 883 961 990 pretiosi
976 883 1004 974 ¹)
1031 894 1065 950 et
1096 885 1192 969 varii,

62 977 125 1039 hoe
145 983 197 1076 est
223 970 406 1072 smaragdi,
431 972 644 1076 'margaritse3
673 973 860 1062 hyacinthi,
890 971 1128 1053 carbunculus,
1160 981 1195 1038 et

61 1057 875 1211 iiillinhiii*limittitiiiii,
888 1057 1070 1207 iiiiii}
1091 1057 1195 1208 „lili

61 1232 146 1313 hus,
187 1239 329 1294 montem
349 1227 531 1312 abscindit,
564 1241 597 1294 et
616 1229 707 1296 illius
728 1240 835 1295 crusta
855 1248 1012 1317 aquarum
1036 1226 1195 1316 impetum

60 1315 172 1381 trahit.
215 1313 346 1380 Astntia
374 1337 451 1378 vero
479 1315 584 1404 gentis
616 1317 698 1381 hanc
719 1314 846 1380 invenit
864 1321 985 1397 amem,
1014 1336 1195 1402 perquam

62 1424 148 1492 spirae
168 1399 245 1464 inde
265 1408 386 1463 exeunt
405 1400 525 1465 hahere
547 1401 671 1489 possit:
707 1400 862 1466 iacientes
889 1398 991 1480 retia,
1028 1397 1116 1462 etin
1137 1422 1193 1462 an·

61 1496 157 1576 gustu
177 1485 270 1551 llnvii
292 1484 362 1548 loca
408 1495 569 1568 suentes,
603 1510 641 1551 ea
661 1510 745 1576 qnae
781 1486 822 1550 de
843 1482 1006 1573 superiori
1025 1493 1118 1572 purte
1139 1484 1193 1549 de·

62 1571 247 1654 scendunt,
268 1570 340 1634 sine
360 1506 427 1636 nlla
449 1570 635 1637 difficultate
658 1570 853 1660 suscipiunt.
1190 1589 1192 1595 ’

146 1693 180 1758 5.
224 1692 264 1756 ln
285 1702 373 1761 tanta
393 1715 470 1784 ergo
493 1694 649 1761 felicitate
676 1696 842 1776 viventes,
869 1715 931 1759 nee
966 1692 1114 1760 lshorsnt
1134 1693 1193 1761 ali·

63 1796 130 1867 qna
150 1777 336 1844 infirmitate
358 1790 415 1844 aut
444 1779 648 1870 aegritudine
680 1791 867 1864 vexantur,
901 1779 1008 1845 solum
1036 1779 1125 1929 guod
1153 1781 1195 1846 de

62 1886 201 1953 corpore
229 1876 371 1950 exeunt,
407 1864 465 1929 sed
498 1865 585 1931 diem
617 1865 727 1933 obitus
760 1875 839 1931 ante
870 1875 1007 1931 mortem
1060 1866 1195 1931 aheutcs

61 1949 329 2040 praecognitum
364 1973 476 2016 omncs
497 1951 585 2018 enirn
606 1963 736 2019 centum
756 1972 916 2017 annorum
936 1950 1139 2033 moriuntur,
1162 1961 1196 2018 et

61 2034 167 2100 maior
189 2035 325 2100 minoris
347 2046 483 2101 mortem
504 2061 570 2109 non
590 2038 698 2122 videt,
715 2110 717 2114 ,
735 2062 797 2104 nec
825 2032 984 2140 parentes'
997 2036 1082 2103 lilios
1102 2036 1195 2125 plan·

64 2130 159 2209 gunt.
211 2119 295 2186 Cum
323 2144 401 2211 ergo
430 2121 610 2212 unicnique
642 2123 776 2191 illorum
805 2122 875 2189 dces
907 2120 1021 2187 mortis
1051 2123 1196 2226 coeperit

61 2205 308 2297 propinquare,
332 2206 409 2272 iacit
429 2207 495 2273 sihi
515 2210 749 2300 sarcophagum
772 2232 814 2275 ex
832 2208 1030 2274 aromatihus
1054 2231 1195 2290 varrum,

63 2292 220 2394 quoniam
242 2302 322 2396 aput
345 2291 401 2357 eos
425 2305 565 2360 aromata
584 2295 685 2362 multa
706 2305 802 2361 sunt:
843 2302 875 2359 et
907 2316 981 2358 enm
1001 2293 1124 2359 viventi
1145 2293 1195 2360 nl-

63 2387 143 2442 tuns
163 2388 289 2444 renent
306 2378 406 2461 horr,
438 2402 551 2446 omncs
571 2381 715 2448 salutans
736 2378 954 2477 omnibusque
974 2379 1047 2444 vale
1067 2379 1195 2462 «licens,

63 2462 101 2527 in
123 2463 235 2528 codem
257 2487 292 2529 se
314 2463 511 2553 sarcophago
532 2467 638 2556 ponit,
661 2475 694 2531 et
715 2466 758 2531 its
779 2489 853 2531 eum
872 2463 1043 2529 securitate
1056 2465 1197 2529 maxima

63 2557 198 2613 natume
238 2549 383 2613 debitum
418 2551 534 2616 reddit.
592 2551 635 2615 Et
671 2553 752 2616 hsce
789 2551 921 2640 quidem
954 2550 1052 2613 huius
1129 2549 1196 2616 ntis

63 2632 164 2698 hone.
208 2633 374 2700 llahitstio
394 2644 503 2701 autem
524 2661 637 2703 eorum
658 2647 708 2703 est
733 2636 938 2702 mansionum
961 2633 1060 2700 LXX
1082 2639 1124 2701 ².

148 2772 183 2838 (i.
228 2771 309 2839 Post
331 2774 416 2841 hanc
437 2787 566 2866 gentem
588 2799 629 2842 ex
649 2775 714 2841 alio
735 2775 836 2841 lutere
864 2758 1082 2839 Brachmanae
1111 2773 1195 2839 reie-

63 2857 328 2958 runthahitsre,
352 2861 411 2949 qui
432 2872 465 2927 et
486 2861 551 2965 ipsi
570 2886 644 2964 curn
665 2860 732 2926 sint
752 2861 824 2926 sine
844 2858 995 2962 imperio,
1015 2859 1198 2962 vicinorum

64 2942 425 3096 hlhlildlldmoelmoe'
446 2947 588 3015 iehcrter
607 2956 732 3015 vsmnt.
777 2946 821 3012 Et
840 2956 891 3012 est
910 2944 1065 3011 hshststno
1083 2968 1197 3012 corum

82 3216 92 3234 .
147 3135 182 3235 ⁷:
225 3134 307 3237 Post
331 3138 392 3238 hos
420 3136 483 3203 alia
514 3159 609 3238 gens·
627 3160 710 3226 qnae
738 3148 872 3240 vocatur
906 3135 1025 3238 Emer,
1064 3145 1098 3200 ct
1124 3131 1198 3223 ipsa

62 3241 295 3372 inlidsidlspuihw
309 3222 663 3374 ἲὶῗξιῦ,ηςώιιωι
684 3224 854 3315 hansrgit,
883 3235 917 3290 et
934 3221 1059 3288 habitat
1077 3232 1197 3288 terrem

149 3424 184 3488 8.
228 3425 309 3492 Post
329 3428 389 3493 hos
411 3428 521 3519 regio,
557 3451 640 3532 quae
668 3426 853 3518 appelletur
884 3424 1020 3510 Nchus,
1052 3424 1111 3504 uhi
1132 3425 1198 3491 iam

66 3517 276 3593 tyrannorum
297 3513 499 3603 principatus
518 3510 547 3599 o)
569 3514 755 3596 munitur,
777 3522 810 3578 et
830 3511 955 3602 regitur
969 3536 989 3576 a
1003 3509 1195 3593 maior-ihus,

64 3604 99 3657 et
121 3604 171 3659 est
193 3596 397 3664 mansionum
419 3599 493 3666 LX.
540 3599 599 3665 lsti
629 3609 662 3663 et
691 3598 852 3663 seminant
882 3608 915 3662 ct
944 3607 1088 3663 metuntz
1122 3621 1196 3662 nam

64 3702 163 3769 supra
179 3681 283 3749 dictae
305 3695 440 3774 gentes,
472 3683 544 3751 sine
571 3684 775 3768 Carnarinis,
803 3683 909 3774 pomis
936 3682 1141 3774 transigunt,
1164 3689 1198 3747 et

67 3969 73 3980 ,
138 3906 169 3972 1)
191 3909 311 3978 Respicit
337 3910 430 3961 iterum
456 3907 496 3961 ‚sd
528 3923 602 3961 sucre
632 3907 711 3960 biblis
743 3914 832 3960 noster
863 3913 962 3960 ancien
1013 3893 1080 3960 nin
1106 3919 1198 3972 genes.

63 3996 123 4047 cap.
143 3979 183 4044 ll,
202 3984 237 4031 12
264 3982 306 4033 nbi
326 3981 358 4032 de
375 3981 425 4032 illis
443 3987 553 4047 quatuor
570 3979 715 4032 fluminibus
733 3986 760 4033 et
777 3977 810 4031 de
830 3977 902 4032 Edeu
919 3993 1004 4031 sermo
1023 3985 1071 4043 est,
1088 3975 1195 4030 dicitnrt

61 4060 97 4173 Ξῖ,
109 4059 313 4174 ‘hildensem
329 4051 404 4102 iiiios
422 4051 550 4121 optimum
574 4059 633 4111 est5
659 4048 747 4124 ibique
762 4048 908 4146 invenitur,
924 4047 1049 4102 bdellium
1071 4056 1099 4102 et
1125 4045 1197 4118 lapis
1270 4069 1274 4078 ·

93 4140 116 4192 y
134 4213 168 4279 i)
185 4212 288 4266 Mansio
307 4211 457 4280 intelligitur
475 4213 551 4267 unius
567 4211 620 4265 diei
638 4214 695 4268 iter.

138 4299 170 4368 u)
188 4301 254 4355 cni.
272 4310 448 4372 tyrannorum
463 4302 622 4375 principum.
