2640 5130
159 258 186 331 o
399 222 404 233 '
471 252 654 356 asynogr.
681 253 715 327 1.
769 249 968 328 u-ss.

394 434 457 517 ll,
508 439 701 515 Titanes
736 451 779 513 et
808 438 1047 540 Gigantes.

180 628 182 633 ·
245 593 376 662 'litam
398 603 432 660 et
454 589 615 693 Gigantas
636 591 760 672 Terra,
791 590 826 661 id
852 602 903 659 est
929 592 1048 665 Ceres,
1073 588 1155 659 irata
1178 591 1221 657 ob
1243 593 1292 658 sui

162 672 652 832 ll'¹⁰oi“¹¹2lll²l:32lm;
713 675 1292 829 {lintizwllitfllill'l’

137 851 192 914 sin
215 787 293 939 blus
326 786 485 915 ulubnem.
520 810 608 922 'Qut’
632 846 784 927 montium
810 845 909 935 supra
935 859 1059 915 montes
1087 785 1230 949 aggestu
1259 812 1295 915 ei

161 934 316 1021 congerie
344 934 377 999 in
397 929 521 999 caelum
537 931 705 998 ,voluerunt
731 931 925 1012 ascendere,
952 945 986 999 et
1014 930 1093 998 deos
1119 929 1196 998 inde
1216 952 1293 1020 pro·

162 1017 288 1107 pellere.
330 1017 379 1085 sd
408 1039 488 1104 quos
516 1013 749 1107 oppugnandos
773 1015 920 1107 anpiter
940 1039 1050 1084 omnes
1073 1013 1152 1084 deos
1174 1039 1293 1084 conso·

160 1104 261 1185 casin
288 1116 322 1171 et
343 1111 497 1169 venerunt
514 1101 598 1168 inter
617 1113 743 1170 ceteros
762 1100 863 1179 Liber
906 1112 991 1183 ater,
1019 1100 1200 1197 Vulcanus,
1230 1102 1292 1169 Sa·

160 1188 239 1277 tyri,
271 1188 395 1266 Sileni„
421 1185 524 1253 asellis
551 1185 651 1268 vecti3
682 1207 817 1272 quorum
847 1125 992 1254 vilelicet
1012 1187 1173 1253 asinorum
1193 1186 1292 1253 nimio

122 1272 297 1340 inconfuso
326 1272 482 1351 clamore,
510 1270 703 1359 Gigantibus
724 1270 881 1351 inaudito,
908 1271 1017 1340 bostes
1037 1270 1171 1338 'litunes
1189 1269 1297 1357 territi-

157 1359 295 1444 lingere3
324 1357 464 1446 quamvis
484 1367 578 1424 antea
598 1367 632 1422 et
652 1354 712 1444 ipsi
732 1353 793 1436 (lii,
820 1357 853 1424 Τ
896 1356 968 1424 licei
988 1355 1029 1422 G‘
1056 1355 1137 1423 antis
1157 1367 1291 1445 aspectu
1308 1372 1311 1378 ’

160 1442 338 1532 perterriti,
362 1443 394 1506 in
413 1438 538 1507 diversa
558 1452 699 1508 monstra
719 1453 753 1508 et
773 1441 875 1508 anima
887 1465 917 1509 m
937 1454 1024 1510 trans
1039 1439 1167 1519 ormati,
1196 1438 1291 1506 auln-

161 1529 292 1614 gissent,
332 1527 482 1628 anpiter
511 1537 618 1593 autem
647 1525 760 1592 anxilio
789 1526 929 1616 aquilae,
960 1547 1044 1613 quse
1073 1524 1201 1592 fulmina
1228 1524 1291 1592 sibl

165 1625 295 1698 portans
316 1612 533 1686 ministrabat,
554 1634 610 1677 eos
632 1610 765 1693 devicit,
793 1626 827 1680 et
849 1613 882 1678 in
902 1614 1004 1680 Aetna
1023 1609 1195 1693 conclusit,
1215 1610 1288 1679 abs·

123 1717 229 1785 usque
251 1719 313 1762 uno
335 1696 455 1764 Titano
473 1695 560 1771 Sole.
640 1742 642 1746 »
1055 1733 1059 1743 ·
1189 1697 1192 1702 ’

575 1897 655 1994 12,
693 1920 875 2022 Pelops.

245 2071 416 2151 Tantalus,
466 2082 536 2139 ater
557 2070 703 2174 Pelopis,
725 2074 845 2161 Gigas,
873 2070 981 2140 volens
1000 2083 1126 2140 tentare
1145 2073 1287 2144 divinita-

160 2168 222 2233 tcm
245 2159 397 2237 deorum,
458 2157 582 2245 elopem
611 2159 708 2224 filium
739 2182 831 2226 sunm
852 2159 899 2227 cis
919 2156 1109 2246 epulandum
1130 2162 1288 2250 apposnit.

18 2298 24 2308 .
161 2240 256 2309 Unde
286 2266 345 2333 pro
378 2242 440 2308 bac
469 2242 594 2311 feritate
621 2241 788 2313 damnatus
814 2255 881 2323 cst,
911 2258 945 2312 ut
970 2246 1005 2310 in
1027 2242 1171 2312 Eridano
1187 2246 1288 2315 'stans

117 2328 308 2410 costumias,
335 2326 385 2394 siti
405 2340 534 2430 pereat,
572 2327 721 2479 lamepus
743 2329 890 2399 laborans
911 2351 1022 2418 poma,
1056 2351 1140 2418 quac
1160 2332 1287 2399 suntin

157 2412 293 2501 praefati
331 2413 467 2480 llummis
503 2413 592 2498 ripa,
627 2415 654 2480 si
680 2426 733 2483 eat
768 2439 829 2482 nec
863 2416 1049 2503 contingat.-
1084 2416 1206 2484 Postca
1232 2408 1287 2497 (lii,

157 2499 269 2585 punito
296 2497 455 2578 Tantalo,
487 2520 584 2587 quum
612 2499 779 2569 volnissent
800 2501 894 2567 lilium
916 2501 984 2591 ejus
1005 2521 1157 2567 runcare
1177 2501 1218 2568 ab
1237 2502 1285 2568 in-

160 2584 253 2662 seris,
290 2586 409 2661 Ceres,
462 2604 524 2649 uae
550 2584 582 2650 in
611 2586 769 2666 convivio,
808 2585 922 2654 ceteris
952 2583 1011 2652 diis
1045 2587 1285 2665 abstinentibus,

158 2668 225 2733 sola
259 2668 422 2735 binchium
481 2669 590 2758 elopis'
607 2680 844 2751 consumserat,
877 2672 1051 2736 ebumcnm
1071 2670 1235 2738 brachium
1255 2673 1286 2737 ei

117 2752 302 2824 moestituit.
333 2753 430 2827 Quod
450 2751 524 2820 ideo
543 2755 683 2842 lingitur,
710 2757 785 2845 quia
805 2757 907 2824 Ceres
926 2755 995 2844 ipsa
1015 2766 1066 2822 est
1085 2768 1182 2838 terra,
1201 2778 1285 2845 quas

76 2918 81 2929 ,
160 2839 303 2908 universa
325 2860 461 2928 corpora
480 2840 653 2925 consumit,
683 2865 757 2911 ossa
776 2855 881 2910 tamen
902 2862 1076 2908 amerinus

537 3140 541 3149 ·
571 3092 637 3171 15.
691 3096 874 3198 Tityus.

245 3238 360 3336 Tityus
397 3266 478 3313 unns
515 3244 587 3331 fuit¹
602 3225 644 3315 Gi
671 3245 796 3330 autum,
835 3247 888 3337 qni
924 3247 1029 3314 solens
1058 3267 1130 3314 cnm
1157 3244 1284 3314 Latona

159 3335 394 3410 concumbere,
421 3331 545 3420 sagittis
574 3270 721 3437 Apollinis
750 3348 783 3402 et
802 3333 926 3402 Dianae
943 3331 1128 3400 interfectus
1149 3346 1217 3413 cst3
1251 3343 1286 3401 ct

116 3415 203 3489 suita
223 3416 390 3484 damnatus
411 3430 460 3485 est
486 3416 572 3507 apud
598 3421 734 3500 interos,
765 3432 800 3488 nt
826 3420 891 3485 ‹luo
918 3420 1072 3497 vultures,
1099 3418 1127 3484 ei
1150 3417 1285 3506 appositi

158 3515 190 3602 et
212 3503 269 3569 sibi
291 3499 518 3583 succedentes,
542 3504 637 3594 jecur
657 3507 736 3575 illins
762 3505 946 3586 comedunt,
978 3502 1173 3594 compenso
1200 3498 1285 3570 redi·

142 3610 256 3654 *vivam
278 3608 445 3656 renascens
463 3610 608 3676 poenam.

479 3900 494 3907 ⁷-
583 3840 651 3919 14.
704 3842 851 3925 Ixion.

242 3993 344 4071 Ixion,
356 3992 460 4082 Gigas
481 3991 587 4062 volens
607 4001 820 4067 concumbere
841 4019 913 4067 cnm
934 3995 1070 4074 lunone,
1091 3989 1236 4082 opposita
1256 3988 1287 4054 ei

116 4089 209 4153 ³⁶0st
230 4083 348 4162 nubes,
376 4102 450 4148 cum
471 4104 534 4169 qus
554 4103 621 4149 rem
643 4082 761 4152 labate
793 4084 848 4153 Et
868 4104 966 4172 quum
987 4082 1071 4150 idem
1092 4079 1288 4171 jactaretis

32 4242 35 4248 ,
159 4166 249 4253 quasi
269 4165 312 4233 de
333 4163 483 4256 conjugio
503 4167 652 4251 lunonis,
674 4169 736 4236 hac
753 4164 832 4257 lege
848 4167 1015 4236 damnatus
1036 4177 1105 4245 est,
1127 4175 1162 4230 ut
1181 4173 1286 4228 rotam

159 4255 357 4339 serpentibus
371 4254 515 4322 innexam
526 4276 651 4345 semper
664 4270 773 4325 contra
786 4264 924 4323 montem
938 4252 1024 4344 apud
1041 4249 1159 4344 inferos
1174 4244 1287 4316 solvat.
