<?xml version="1.0" encoding="UTF-8"?>
<!DOCTYPE html PUBLIC "-//W3C//DTD XHTML 1.0 Transitional//EN"
    "http://www.w3.org/TR/xhtml1/DTD/xhtml1-transitional.dtd">
<html xmlns="http://www.w3.org/1999/xhtml" xml:lang="en" lang="en">
 <head>
  <title>
</title>
<meta http-equiv="Content-Type" content="text/html;charset=utf-8" />
  <meta name='ocr-system' content='tesseract 3.04.00' />
  <meta name='ocr-capabilities' content='ocr_page ocr_carea ocr_par ocr_line ocrx_word'/>
</head>
<body>
  <div class='ocr_page' id='page_1' title='image "./scriptoresrerum00bodegoog_0090.png"; bbox 0 0 2640 5130; ppageno 0'>
   <div class='ocr_carea' id='block_1_1' title="bbox 983 334 988 350">
    <p class='ocr_par' dir='ltr' id='par_1_1' title="bbox 983 334 988 350">
     <span class='ocr_line' id='line_1_1' title="bbox 983 334 988 350; baseline 0 0"><span class='ocrx_word' id='word_1_1' title='bbox 983 334 988 350; x_wconf 76' lang='lat' dir='ltr'><strong>b</strong></span> 
     </span>
    </p>
   </div>
   <div class='ocr_carea' id='block_1_2' title="bbox 351 519 1194 629">
    <p class='ocr_par' dir='ltr' id='par_1_2' title="bbox 351 519 1194 629">
     <span class='ocr_line' id='line_1_2' title="bbox 351 519 1194 629; baseline 0.008 -30"><span class='ocrx_word' id='word_1_2' title='bbox 351 523 534 629; x_wconf 52' lang='lat' dir='ltr'><strong>uyuagr.</strong></span> <span class='ocrx_word' id='word_1_3' title='bbox 559 524 593 599; x_wconf 92' lang='grc'><strong>1.</strong></span> <span class='ocrx_word' id='word_1_4' title='bbox 646 519 900 603; x_wconf 80' lang='grc'><strong>111-111.</strong></span> <span class='ocrx_word' id='word_1_5' title='bbox 1139 529 1194 607; x_wconf 76' lang='lat' dir='ltr'><strong>as</strong></span> 
     </span>
    </p>
   </div>
   <div class='ocr_carea' id='block_1_3' title="bbox 448 706 805 811">
    <p class='ocr_par' dir='ltr' id='par_1_3' title="bbox 448 706 805 811">
     <span class='ocr_line' id='line_1_3' title="bbox 448 706 805 811; baseline -0.014 -22"><span class='ocrx_word' id='word_1_6' title='bbox 448 707 542 789; x_wconf 77' lang='grc'><strong>169.</strong></span> <span class='ocrx_word' id='word_1_7' title='bbox 601 706 805 811; x_wconf 78' lang='lat' dir='ltr'>Sphinx.</span> 
     </span>
    </p>
   </div>
   <div class='ocr_carea' id='block_1_4' title="bbox 57 824 1303 1187">
    <p class='ocr_par' dir='ltr' id='par_1_4' title="bbox 57 824 1303 1187">
     <span class='ocr_line' id='line_1_4' title="bbox 62 824 1303 933; baseline -0.001 -23"><span class='ocrx_word' id='word_1_8' title='bbox 62 921 68 933; x_wconf 37' lang='grc' dir='ltr'>Ι</span> <span class='ocrx_word' id='word_1_9' title='bbox 141 838 272 933; x_wconf 75' lang='lat' dir='ltr'><strong>Sphinx</strong></span> <span class='ocrx_word' id='word_1_10' title='bbox 291 835 455 929; x_wconf 83' lang='lat' dir='ltr'><strong>quoddam</strong></span> <span class='ocrx_word' id='word_1_11' title='bbox 475 847 648 905; x_wconf 86' lang='lat' dir='ltr'><strong>monstrum</strong></span> <span class='ocrx_word' id='word_1_12' title='bbox 674 838 794 920; x_wconf 85' lang='lat' dir='ltr'><strong>luerat,</strong></span> <span class='ocrx_word' id='word_1_13' title='bbox 822 836 908 929; x_wconf 78' lang='lat' dir='ltr'><strong>quod</strong></span> <span class='ocrx_word' id='word_1_14' title='bbox 929 839 962 906; x_wconf 87' lang='lat' dir='ltr'><strong>in</strong></span> <span class='ocrx_word' id='word_1_15' title='bbox 984 839 1116 930; x_wconf 86' lang='lat' dir='ltr'><strong>scopulo</strong></span> <span class='ocrx_word' id='word_1_16' title='bbox 1140 862 1192 909; x_wconf 88' lang='lat' dir='ltr'><strong>re·</strong></span> <span class='ocrx_word' id='word_1_17' title='bbox 1300 824 1303 851; x_wconf 53' lang='lat'><strong>¹</strong></span> 
     </span>
     <span class='ocr_line' id='line_1_5' title="bbox 57 921 1191 1074; baseline -0.002 -79"><span class='ocrx_word' id='word_1_18' title='bbox 57 924 166 995; x_wconf 75' lang='lat' dir='ltr'><strong>sidens</strong></span> <span class='ocrx_word' id='word_1_19' title='bbox 187 924 466 1017; x_wconf 85' lang='lat' dir='ltr'><strong>praetercuntibus</strong></span> <span class='ocrx_word' id='word_1_20' title='bbox 487 921 649 1012; x_wconf 76' lang='lat' dir='ltr'><strong>problema</strong></span> <span class='ocrx_word' id='word_1_21' title='bbox 664 923 852 1074; x_wconf 78' lang='lat' dir='ltr'><strong>proposuit,</strong></span> <span class='ocrx_word' id='word_1_22' title='bbox 877 938 909 990; x_wconf 92' lang='lat' dir='ltr'><strong>et</strong></span> <span class='ocrx_word' id='word_1_23' title='bbox 930 926 1109 1014; x_wconf 80' lang='lat' dir='ltr'><strong>persolvere</strong></span> <span class='ocrx_word' id='word_1_24' title='bbox 1129 950 1191 993; x_wconf 92' lang='lat' dir='ltr'><strong>non</strong></span> 
     </span>
     <span class='ocr_line' id='line_1_6' title="bbox 59 1007 1190 1104; baseline 0 -27"><span class='ocrx_word' id='word_1_25' title='bbox 59 1012 200 1081; x_wconf 74' lang='lat' dir='ltr'><strong>valentes</strong></span> <span class='ocrx_word' id='word_1_26' title='bbox 231 1009 396 1099; x_wconf 73' lang='lat' dir='ltr'><strong>unguibus</strong></span> <span class='ocrx_word' id='word_1_27' title='bbox 423 1020 457 1077; x_wconf 91' lang='lat' dir='ltr'><strong>et</strong></span> <span class='ocrx_word' id='word_1_28' title='bbox 485 1008 632 1075; x_wconf 80' lang='lat' dir='ltr'>dentibus</span> <span class='ocrx_word' id='word_1_29' title='bbox 687 1007 828 1076; x_wconf 85' lang='lat' dir='ltr'><strong>ilauiarit</strong></span> <span class='ocrx_word' id='word_1_30' title='bbox 871 1007 919 1075; x_wconf 78' lang='lat' dir='ltr'><strong>Ad</strong></span> <span class='ocrx_word' id='word_1_31' title='bbox 940 1010 1026 1097; x_wconf 87' lang='lat' dir='ltr'><strong>quod</strong></span> <span class='ocrx_word' id='word_1_32' title='bbox 1047 1013 1190 1104; x_wconf 81' lang='lat' dir='ltr'>Oedipus</span> 
     </span>
     <span class='ocr_line' id='line_1_7' title="bbox 59 1093 1215 1187; baseline 0.001 -22"><span class='ocrx_word' id='word_1_33' title='bbox 59 1098 207 1179; x_wconf 77' lang='lat' dir='ltr'><strong>veniens,</strong></span> <span class='ocrx_word' id='word_1_34' title='bbox 232 1096 401 1187; x_wconf 75' lang='lat' dir='ltr'><strong>problema</strong></span> <span class='ocrx_word' id='word_1_35' title='bbox 418 1094 486 1185; x_wconf 83' lang='lat' dir='ltr'><strong>ejus</strong></span> <span class='ocrx_word' id='word_1_36' title='bbox 508 1093 671 1175; x_wconf 76' lang='lat' dir='ltr'><strong>enodavit,</strong></span> <span class='ocrx_word' id='word_1_37' title='bbox 703 1104 736 1161; x_wconf 87' lang='lat' dir='ltr'><strong>et</strong></span> <span class='ocrx_word' id='word_1_38' title='bbox 757 1095 858 1182; x_wconf 92' lang='lat' dir='ltr'><strong>ipsum</strong></span> <span class='ocrx_word' id='word_1_39' title='bbox 880 1096 1006 1164; x_wconf 86' lang='lat' dir='ltr'><strong>occidit</strong></span> <span class='ocrx_word' id='word_1_40' title='bbox 1198 1119 1215 1166; x_wconf 80' lang='lat'>⁵</span> 
     </span>
    </p>
   </div>
   <div class='ocr_carea' id='block_1_5' title="bbox 346 1274 907 1382">
    <p class='ocr_par' dir='ltr' id='par_1_5' title="bbox 346 1274 907 1382">
     <span class='ocr_line' id='line_1_8' title="bbox 346 1274 907 1382; baseline 0.005 -32"><span class='ocrx_word' id='word_1_41' title='bbox 346 1274 441 1351; x_wconf 87' lang='grc'><strong>170.</strong></span> <span class='ocrx_word' id='word_1_42' title='bbox 493 1274 708 1353; x_wconf 79' lang='lat' dir='ltr'><strong>Atracias</strong></span> <span class='ocrx_word' id='word_1_43' title='bbox 739 1306 907 1382; x_wconf 70' lang='lat' dir='ltr'><strong>magus.</strong></span> 
     </span>
    </p>
   </div>
   <div class='ocr_carea' id='block_1_6' title="bbox 59 1401 1193 1647">
    <p class='ocr_par' dir='ltr' id='par_1_6' title="bbox 59 1401 1193 1647">
     <span class='ocr_line' id='line_1_9' title="bbox 140 1401 1191 1507; baseline -0.005 -32"><span class='ocrx_word' id='word_1_44' title='bbox 140 1403 291 1507; x_wconf 76' lang='lat' dir='ltr'><strong>Atraciaa</strong></span> <span class='ocrx_word' id='word_1_45' title='bbox 313 1401 372 1471; x_wconf 86' lang='lat' dir='ltr'><strong>luit</strong></span> <span class='ocrx_word' id='word_1_46' title='bbox 389 1402 578 1507; x_wconf 77' lang='lat' dir='ltr'><strong>Thessaliae</strong></span> <span class='ocrx_word' id='word_1_47' title='bbox 593 1417 690 1507; x_wconf 88' lang='lat' dir='ltr'><strong>pater</strong></span> <span class='ocrx_word' id='word_1_48' title='bbox 710 1417 744 1474; x_wconf 92' lang='lat' dir='ltr'><strong>et</strong></span> <span class='ocrx_word' id='word_1_49' title='bbox 759 1405 978 1497; x_wconf 83' lang='lat' dir='ltr'><strong>Hypocatiae,</strong></span> <span class='ocrx_word' id='word_1_50' title='bbox 1002 1426 1096 1493; x_wconf 88' lang='lat' dir='ltr'><strong>quarn</strong></span> <span class='ocrx_word' id='word_1_51' title='bbox 1110 1404 1191 1471; x_wconf 84' lang='lat' dir='ltr'><strong>Piri-</strong></span> 
     </span>
     <span class='ocr_line' id='line_1_10' title="bbox 59 1489 1193 1647; baseline -0.003 -86"><span class='ocrx_word' id='word_1_52' title='bbox 59 1490 430 1647; x_wconf 49' lang='lat' dir='ltr'><strong>aeuswdnptxirgfipxorem.</strong></span> <span class='ocrx_word' id='word_1_53' title='bbox 470 1489 536 1557; x_wconf 78' lang='lat' dir='ltr'><strong>Huc</strong></span> <span class='ocrx_word' id='word_1_54' title='bbox 556 1511 675 1579; x_wconf 78' lang='lat' dir='ltr'><strong>primus</strong></span> <span class='ocrx_word' id='word_1_55' title='bbox 696 1503 797 1561; x_wconf 88' lang='lat' dir='ltr'><strong>artem</strong></span> <span class='ocrx_word' id='word_1_56' title='bbox 813 1491 971 1579; x_wconf 77' lang='lat' dir='ltr'><strong>magicam</strong></span> <span class='ocrx_word' id='word_1_57' title='bbox 988 1492 1074 1580; x_wconf 90' lang='lat' dir='ltr'><strong>apud</strong></span> <span class='ocrx_word' id='word_1_58' title='bbox 1084 1490 1193 1558; x_wconf 81' lang='lat' dir='ltr'><strong>Thra-</strong></span> 
     </span>
    </p>
   </div>
   <div class='ocr_carea' id='block_1_7' title="bbox 317 1734 1234 1844">
    <p class='ocr_par' dir='ltr' id='par_1_7' title="bbox 317 1734 1234 1844">
     <span class='ocr_line' id='line_1_11' title="bbox 317 1734 1234 1844; baseline 0.001 -32"><span class='ocrx_word' id='word_1_59' title='bbox 317 1734 410 1815; x_wconf 93' lang='grc'><strong>171.</strong></span> <span class='ocrx_word' id='word_1_60' title='bbox 461 1740 710 1844; x_wconf 75' lang='lat' dir='ltr'><strong>Lycormas</strong></span> <span class='ocrx_word' id='word_1_61' title='bbox 745 1739 935 1814; x_wconf 87' lang='lat' dir='ltr'><strong>l&#39;luvius.</strong></span> <span class='ocrx_word' id='word_1_62' title='bbox 1199 1767 1234 1814; x_wconf 83' lang='lat' dir='ltr'><strong>ro</strong></span> 
     </span>
    </p>
   </div>
   <div class='ocr_carea' id='block_1_8' title="bbox 63 1864 1234 2301">
    <p class='ocr_par' dir='ltr' id='par_1_8' title="bbox 63 1864 1234 2301">
     <span class='ocr_line' id='line_1_12' title="bbox 141 1864 1193 2021; baseline -0.003 -84"><span class='ocrx_word' id='word_1_63' title='bbox 141 1868 327 1965; x_wconf 73' lang='lat' dir='ltr'><strong>Lycormas</strong></span> <span class='ocrx_word' id='word_1_64' title='bbox 356 1864 484 1969; x_wconf 81' lang='lat' dir='ltr'><strong>qpidam</strong></span> <span class='ocrx_word' id='word_1_65' title='bbox 504 1868 635 1944; x_wconf 73' lang='lat' dir='ltr'><strong>liunus,</strong></span> <span class='ocrx_word' id='word_1_66' title='bbox 650 1869 719 2021; x_wconf 63' lang='lat' dir='ltr'><strong>fpoi</strong></span> <span class='ocrx_word' id='word_1_67' title='bbox 741 1881 775 1938; x_wconf 90' lang='lat' dir='ltr'><strong>et</strong></span> <span class='ocrx_word' id='word_1_68' title='bbox 795 1870 924 1936; x_wconf 82' lang='grc'><strong>11111111</strong></span> <span class='ocrx_word' id='word_1_69' title='bbox 946 1865 1078 1971; x_wconf 70' lang='lat' dir='ltr'><strong>dicitnr,</strong></span> <span class='ocrx_word' id='word_1_70' title='bbox 1100 1866 1193 1971; x_wconf 77' lang='lat' dir='ltr'><strong>Juxta</strong></span> 
     </span>
     <span class='ocr_line' id='line_1_13' title="bbox 64 1952 1192 2116; baseline -0.002 -11"><span class='ocrx_word' id='word_1_71' title='bbox 64 1952 640 2105; x_wconf 52' lang='lat' dir='ltr'><strong>mitittff‘dt‘l‘nittl.</strong></span> <span class='ocrx_word' id='word_1_72' title='bbox 685 1953 1192 2116; x_wconf 50' lang='grc'><strong>11111111111111</strong></span> 
     </span>
     <span class='ocr_line' id='line_1_14' title="bbox 64 2061 1192 2211; baseline -0.002 -20"><span class='ocrx_word' id='word_1_73' title='bbox 64 2063 135 2191; x_wconf 55' lang='grc' dir='ltr'><strong>ἓξ</strong></span> <span class='ocrx_word' id='word_1_74' title='bbox 155 2125 300 2193; x_wconf 82' lang='lat' dir='ltr'><strong>tunicam</strong></span> <span class='ocrx_word' id='word_1_75' title='bbox 319 2085 439 2203; x_wconf 84' lang='lat' dir='ltr'><strong>induit,</strong></span> <span class='ocrx_word' id='word_1_76' title='bbox 458 2144 574 2191; x_wconf 85' lang='lat' dir='ltr'><strong>cruore</strong></span> <span class='ocrx_word' id='word_1_77' title='bbox 592 2087 688 2194; x_wconf 75' lang='lat' dir='ltr'><strong>Nessi</strong></span> <span class='ocrx_word' id='word_1_78' title='bbox 709 2064 863 2194; x_wconf 74' lang='lat' dir='ltr'><strong>cenauit</strong></span> <span class='ocrx_word' id='word_1_79' title='bbox 884 2061 1192 2211; x_wconf 65' lang='lat' dir='ltr'><strong>perunctamqmde</strong></span> 
     </span>
     <span class='ocr_line' id='line_1_15' title="bbox 63 2207 1234 2301; baseline -0.003 -24"><span class='ocrx_word' id='word_1_80' title='bbox 63 2211 130 2301; x_wconf 84' lang='lat' dir='ltr'><strong>ipse</strong></span> <span class='ocrx_word' id='word_1_81' title='bbox 147 2229 325 2301; x_wconf 84' lang='lat' dir='ltr'><strong>perpessus</strong></span> <span class='ocrx_word' id='word_1_82' title='bbox 345 2219 397 2277; x_wconf 91' lang='lat' dir='ltr'><strong>est</strong></span> <span class='ocrx_word' id='word_1_83' title='bbox 412 2207 605 2278; x_wconf 89' lang='lat' dir='ltr'><strong>intolerabile</strong></span> <span class='ocrx_word' id='word_1_84' title='bbox 623 2209 805 2279; x_wconf 87' lang='lat' dir='ltr'><strong>incendium</strong></span> <span class='ocrx_word' id='word_1_85' title='bbox 826 2207 978 2299; x_wconf 88' lang='lat' dir='ltr'><strong>corporis.</strong></span> <span class='ocrx_word' id='word_1_86' title='bbox 1200 2224 1234 2273; x_wconf 81' lang='lat'><strong>15</strong></span> 
     </span>
    </p>
   </div>
   <div class='ocr_carea' id='block_1_9' title="bbox 466 2392 797 2472">
    <p class='ocr_par' dir='ltr' id='par_1_9' title="bbox 466 2392 797 2472">
     <span class='ocr_line' id='line_1_16' title="bbox 466 2392 797 2472; baseline 0.003 -3"><span class='ocrx_word' id='word_1_87' title='bbox 466 2392 561 2470; x_wconf 79' lang='lat'><strong>172.</strong></span> <span class='ocrx_word' id='word_1_88' title='bbox 612 2396 797 2472; x_wconf 83' lang='lat' dir='ltr'><strong>Minos.</strong></span> 
     </span>
    </p>
   </div>
   <div class='ocr_carea' id='block_1_10' title="bbox 65 2520 1234 3635">
    <p class='ocr_par' dir='ltr' id='par_1_10' title="bbox 65 2520 1234 2868">
     <span class='ocr_line' id='line_1_17' title="bbox 141 2520 1194 2611; baseline -0.005 -18"><span class='ocrx_word' id='word_1_89' title='bbox 141 2523 250 2593; x_wconf 80' lang='lat' dir='ltr'><strong>Minos</strong></span> <span class='ocrx_word' id='word_1_90' title='bbox 269 2520 451 2603; x_wconf 74' lang='lat' dir='ltr'>Cretensis,</span> <span class='ocrx_word' id='word_1_91' title='bbox 472 2522 524 2590; x_wconf 88' lang='grc'><strong>111</strong></span> <span class='ocrx_word' id='word_1_92' title='bbox 545 2522 587 2591; x_wconf 88' lang='lat' dir='ltr'><strong>ad</strong></span> <span class='ocrx_word' id='word_1_93' title='bbox 606 2523 741 2611; x_wconf 83' lang='lat' dir='ltr'><strong>gloriam</strong></span> <span class='ocrx_word' id='word_1_94' title='bbox 762 2535 795 2592; x_wconf 91' lang='lat' dir='ltr'><strong>et</strong></span> <span class='ocrx_word' id='word_1_95' title='bbox 815 2523 937 2592; x_wconf 90' lang='lat' dir='ltr'><strong>titolum</strong></span> <span class='ocrx_word' id='word_1_96' title='bbox 958 2522 1025 2592; x_wconf 92' lang='lat' dir='ltr'><strong>sola</strong></span> <span class='ocrx_word' id='word_1_97' title='bbox 1044 2522 1194 2591; x_wconf 90' lang='lat' dir='ltr'><strong>natalium</strong></span> 
     </span>
     <span class='ocr_line' id='line_1_18' title="bbox 65 2604 1190 2699; baseline -0.002 -22"><span class='ocrx_word' id='word_1_98' title='bbox 65 2610 228 2677; x_wconf 81' lang='lat' dir='ltr'><strong>sufficeret</strong></span> <span class='ocrx_word' id='word_1_99' title='bbox 252 2604 397 2687; x_wconf 75' lang='lat' dir='ltr'><strong>claritas,</strong></span> <span class='ocrx_word' id='word_1_100' title='bbox 428 2608 541 2677; x_wconf 89' lang='lat' dir='ltr'><strong>mentis</strong></span> <span class='ocrx_word' id='word_1_101' title='bbox 568 2607 750 2699; x_wconf 80' lang='lat' dir='ltr'><strong>placiditate</strong></span> <span class='ocrx_word' id='word_1_102' title='bbox 776 2610 905 2689; x_wconf 89' lang='lat' dir='ltr'><strong>meruit,</strong></span> <span class='ocrx_word' id='word_1_103' title='bbox 941 2619 976 2677; x_wconf 90' lang='lat' dir='ltr'><strong>nt</strong></span> <span class='ocrx_word' id='word_1_104' title='bbox 1007 2608 1091 2675; x_wconf 90' lang='lat' dir='ltr'><strong>illum</strong></span> <span class='ocrx_word' id='word_1_105' title='bbox 1120 2610 1190 2696; x_wconf 90' lang='lat' dir='ltr'><strong>plus</strong></span> 
     </span>
     <span class='ocr_line' id='line_1_19' title="bbox 66 2694 1190 2779; baseline -0.004 -16"><span class='ocrx_word' id='word_1_106' title='bbox 66 2697 225 2772; x_wconf 82' lang='lat' dir='ltr'><strong>moribus,</strong></span> <span class='ocrx_word' id='word_1_107' title='bbox 279 2715 374 2779; x_wconf 84' lang='lat' dir='ltr'><strong>quam</strong></span> <span class='ocrx_word' id='word_1_108' title='bbox 413 2694 543 2779; x_wconf 83' lang='lat' dir='ltr'><strong>generis</strong></span> <span class='ocrx_word' id='word_1_109' title='bbox 597 2697 785 2763; x_wconf 90' lang='lat' dir='ltr'><strong>auctoritate</strong></span> <span class='ocrx_word' id='word_1_110' title='bbox 838 2696 990 2761; x_wconf 86' lang='lat' dir='ltr'><strong>mirentur</strong></span> <span class='ocrx_word' id='word_1_111' title='bbox 1041 2695 1190 2761; x_wconf 85' lang='lat' dir='ltr'><strong>homines.</strong></span> 
     </span>
     <span class='ocr_line' id='line_1_20' title="bbox 66 2778 1234 2868; baseline -0.002 -19"><span class='ocrx_word' id='word_1_112' title='bbox 66 2780 140 2849; x_wconf 73' lang='lat' dir='ltr'><strong>Fuit</strong></span> <span class='ocrx_word' id='word_1_113' title='bbox 159 2779 246 2845; x_wconf 87' lang='lat' dir='ltr'><strong>enim</strong></span> <span class='ocrx_word' id='word_1_114' title='bbox 269 2799 326 2844; x_wconf 81' lang='lat' dir='ltr'><strong>rex</strong></span> <span class='ocrx_word' id='word_1_115' title='bbox 346 2778 466 2846; x_wconf 78' lang='lat' dir='ltr'><strong>Cretae</strong></span> <span class='ocrx_word' id='word_1_116' title='bbox 485 2779 530 2847; x_wconf 93' lang='lat' dir='ltr'><strong>ita</strong></span> <span class='ocrx_word' id='word_1_117' title='bbox 551 2778 614 2845; x_wconf 86' lang='lat' dir='ltr'><strong>ritu</strong></span> <span class='ocrx_word' id='word_1_118' title='bbox 635 2779 789 2859; x_wconf 87' lang='lat' dir='ltr'><strong>clemens,</strong></span> <span class='ocrx_word' id='word_1_119' title='bbox 808 2791 859 2857; x_wconf 93' lang='lat' dir='ltr'><strong>ut,</strong></span> <span class='ocrx_word' id='word_1_120' title='bbox 890 2779 975 2868; x_wconf 89' lang='lat' dir='ltr'><strong>quod</strong></span> <span class='ocrx_word' id='word_1_121' title='bbox 998 2791 1048 2848; x_wconf 87' lang='lat' dir='ltr'><strong>est</strong></span> <span class='ocrx_word' id='word_1_122' title='bbox 1068 2781 1234 2860; x_wconf 69' lang='lat' dir='ltr'><strong>mirumne</strong></span> 
     </span>
    </p>

    <p class='ocr_par' dir='ltr' id='par_1_11' title="bbox 68 2861 1233 3635">
     <span class='ocr_line' id='line_1_21' title="bbox 232 2861 1192 2954; baseline -0.002 -22"><span class='ocrx_word' id='word_1_123' title='bbox 232 2877 247 2932; x_wconf 89' lang='lat' dir='ltr'><strong>t</strong></span> <span class='ocrx_word' id='word_1_124' title='bbox 266 2884 341 2931; x_wconf 83' lang='lat' dir='ltr'><strong>enm</strong></span> <span class='ocrx_word' id='word_1_125' title='bbox 361 2861 539 2941; x_wconf 89' lang='lat' dir='ltr'><strong>dominnm,</strong></span> <span class='ocrx_word' id='word_1_126' title='bbox 566 2864 681 2952; x_wconf 80' lang='lat' dir='ltr'><strong>quibus</strong></span> <span class='ocrx_word' id='word_1_127' title='bbox 702 2866 896 2954; x_wconf 89' lang='lat' dir='ltr'><strong>imperabat,</strong></span> <span class='ocrx_word' id='word_1_128' title='bbox 925 2865 1080 2932; x_wconf 85' lang='lat' dir='ltr'><strong>babuisse.</strong></span> <span class='ocrx_word' id='word_1_129' title='bbox 1125 2866 1192 2932; x_wconf 89' lang='lat' dir='ltr'><strong>Dc-</strong></span> 
     </span>
     <span class='ocr_line' id='line_1_22' title="bbox 82 2946 1193 3038; baseline -0.005 -19"><span class='ocrx_word' id='word_1_130' title='bbox 82 2962 192 3019; x_wconf 83' lang='lat' dir='ltr'><strong>metus</strong></span> <span class='ocrx_word' id='word_1_131' title='bbox 215 2946 349 3029; x_wconf 83' lang='lat' dir='ltr'><strong>deiude,</strong></span> <span class='ocrx_word' id='word_1_132' title='bbox 376 2961 528 3037; x_wconf 82' lang='lat' dir='ltr'><strong>qnantum</strong></span> <span class='ocrx_word' id='word_1_133' title='bbox 547 2950 757 3018; x_wconf 89' lang='lat' dir='ltr'><strong>mansuetudo</strong></span> <span class='ocrx_word' id='word_1_134' title='bbox 777 2962 954 3032; x_wconf 87' lang='lat' dir='ltr'><strong>mereatur,</strong></span> <span class='ocrx_word' id='word_1_135' title='bbox 975 2951 1095 3038; x_wconf 88' lang='lat' dir='ltr'><strong>patuit;</strong></span> <span class='ocrx_word' id='word_1_136' title='bbox 1131 2972 1193 3015; x_wconf 92' lang='lat' dir='ltr'><strong>nec</strong></span> 
     </span>
     <span class='ocr_line' id='line_1_23' title="bbox 69 3032 1193 3124; baseline -0.003 -23"><span class='ocrx_word' id='word_1_137' title='bbox 69 3034 133 3103; x_wconf 81' lang='lat' dir='ltr'><strong>lato</strong></span> <span class='ocrx_word' id='word_1_138' title='bbox 157 3033 290 3123; x_wconf 82' lang='lat' dir='ltr'><strong>quidem</strong></span> <span class='ocrx_word' id='word_1_139' title='bbox 307 3034 430 3099; x_wconf 89' lang='lat' dir='ltr'><strong>bonore</strong></span> <span class='ocrx_word' id='word_1_140' title='bbox 447 3036 584 3124; x_wconf 82' lang='lat' dir='ltr'><strong>privatus</strong></span> <span class='ocrx_word' id='word_1_141' title='bbox 605 3047 654 3104; x_wconf 88' lang='lat' dir='ltr'><strong>est</strong></span> <span class='ocrx_word' id='word_1_142' title='bbox 672 3036 757 3103; x_wconf 88' lang='lat' dir='ltr'><strong>Nam</strong></span> <span class='ocrx_word' id='word_1_143' title='bbox 779 3033 893 3102; x_wconf 88' lang='lat' dir='ltr'><strong>dicitur</strong></span> <span class='ocrx_word' id='word_1_144' title='bbox 914 3033 1000 3124; x_wconf 92' lang='lat' dir='ltr'><strong>apud</strong></span> <span class='ocrx_word' id='word_1_145' title='bbox 1021 3057 1130 3103; x_wconf 89' lang='lat' dir='ltr'><strong>manes</strong></span> <span class='ocrx_word' id='word_1_146' title='bbox 1150 3032 1193 3099; x_wconf 89' lang='lat' dir='ltr'><strong>de</strong></span> 
     </span>
     <span class='ocr_line' id='line_1_24' title="bbox 68 3118 1193 3209; baseline -0.002 -22"><span class='ocrx_word' id='word_1_147' title='bbox 68 3142 214 3209; x_wconf 71' lang='lat' dir='ltr'><strong>apremo</strong></span> <span class='ocrx_word' id='word_1_148' title='bbox 235 3119 321 3185; x_wconf 85' lang='lat' dir='ltr'><strong>exitu</strong></span> <span class='ocrx_word' id='word_1_149' title='bbox 337 3118 483 3208; x_wconf 85' lang='lat' dir='ltr'><strong>judicare</strong></span> <span class='ocrx_word' id='word_1_150' title='bbox 503 3119 689 3189; x_wconf 87' lang='lat' dir='ltr'><strong>mortalium.</strong></span> <span class='ocrx_word' id='word_1_151' title='bbox 730 3121 862 3188; x_wconf 82' lang='lat' dir='ltr'><strong>Veteres</strong></span> <span class='ocrx_word' id='word_1_152' title='bbox 885 3123 967 3188; x_wconf 92' lang='lat' dir='ltr'><strong>enim</strong></span> <span class='ocrx_word' id='word_1_153' title='bbox 989 3121 1126 3198; x_wconf 84' lang='lat' dir='ltr'><strong>Graeci,</strong></span> <span class='ocrx_word' id='word_1_154' title='bbox 1157 3131 1193 3185; x_wconf 87' lang='lat' dir='ltr'><strong>ut</strong></span> 
     </span>
     <span class='ocr_line' id='line_1_25' title="bbox 69 3203 1233 3295; baseline -0.002 -24"><span class='ocrx_word' id='word_1_155' title='bbox 69 3205 176 3295; x_wconf 86' lang='lat' dir='ltr'><strong>inpios</strong></span> <span class='ocrx_word' id='word_1_156' title='bbox 207 3203 418 3292; x_wconf 80' lang='lat' dir='ltr'><strong>crudelesque</strong></span> <span class='ocrx_word' id='word_1_157' title='bbox 467 3227 564 3273; x_wconf 90' lang='lat' dir='ltr'><strong>oenas</strong></span> <span class='ocrx_word' id='word_1_158' title='bbox 591 3204 675 3295; x_wconf 93' lang='lat' dir='ltr'><strong>apud</strong></span> <span class='ocrx_word' id='word_1_159' title='bbox 702 3206 821 3273; x_wconf 86' lang='lat' dir='ltr'><strong>inferos</strong></span> <span class='ocrx_word' id='word_1_160' title='bbox 847 3204 953 3288; x_wconf 88' lang='lat' dir='ltr'><strong>luere,</strong></span> <span class='ocrx_word' id='word_1_161' title='bbox 990 3205 1039 3271; x_wconf 89' lang='lat' dir='ltr'><strong>sic</strong></span> <span class='ocrx_word' id='word_1_162' title='bbox 1074 3205 1233 3272; x_wconf 74' lang='lat' dir='ltr'><strong>bouuman</strong></span> 
     </span>
     <span class='ocr_line' id='line_1_26' title="bbox 69 3230 1192 3443; baseline -0.003 -86"><span class='ocrx_word' id='word_1_163' title='bbox 69 3312 226 3443; x_wconf 49' lang='lat' dir='ltr'><strong>gensque</strong></span> <span class='ocrx_word' id='word_1_164' title='bbox 263 3288 413 3377; x_wconf 90' lang='lat' dir='ltr'><strong>adeptum</strong></span> <span class='ocrx_word' id='word_1_165' title='bbox 443 3230 550 3357; x_wconf 82' lang='grc'><strong>11111</strong></span> <span class='ocrx_word' id='word_1_166' title='bbox 577 3292 658 3359; x_wconf 86' lang='lat' dir='ltr'><strong>ritae</strong></span> <span class='ocrx_word' id='word_1_167' title='bbox 687 3292 828 3381; x_wconf 87' lang='lat' dir='ltr'><strong>praemia</strong></span> <span class='ocrx_word' id='word_1_168' title='bbox 856 3301 1091 3379; x_wconf 87' lang='lat' dir='ltr'><strong>postmortem</strong></span> <span class='ocrx_word' id='word_1_169' title='bbox 1119 3312 1192 3356; x_wconf 87' lang='lat' dir='ltr'><strong>esse</strong></span> 
     </span>
     <span class='ocr_line' id='line_1_27' title="bbox 90 3373 1191 3466; baseline -0.004 -24"><span class='ocrx_word' id='word_1_170' title='bbox 90 3376 221 3443; x_wconf 73' lang='grc'><strong>’11111</strong></span> <span class='ocrx_word' id='word_1_171' title='bbox 263 3373 360 3449; x_wconf 81' lang='lat' dir='ltr'><strong>Quod</strong></span> <span class='ocrx_word' id='word_1_172' title='bbox 383 3376 528 3444; x_wconf 90' lang='lat' dir='ltr'><strong>bonitatis</strong></span> <span class='ocrx_word' id='word_1_173' title='bbox 550 3389 599 3444; x_wconf 86' lang='lat' dir='ltr'><strong>est</strong></span> <span class='ocrx_word' id='word_1_174' title='bbox 618 3377 813 3466; x_wconf 83' lang='lat' dir='ltr'><strong>exemplum,</strong></span> <span class='ocrx_word' id='word_1_175' title='bbox 844 3376 918 3464; x_wconf 86' lang='lat' dir='ltr'><strong>quia</strong></span> <span class='ocrx_word' id='word_1_176' title='bbox 945 3375 1051 3441; x_wconf 89' lang='lat' dir='ltr'><strong>Minos</strong></span> <span class='ocrx_word' id='word_1_177' title='bbox 1070 3397 1108 3441; x_wconf 90' lang='lat' dir='ltr'><strong>se</strong></span> <span class='ocrx_word' id='word_1_178' title='bbox 1129 3397 1191 3439; x_wconf 94' lang='lat' dir='ltr'><strong>non</strong></span> 
     </span>
     <span class='ocr_line' id='line_1_28' title="bbox 70 3458 1192 3552; baseline -0.001 -25"><span class='ocrx_word' id='word_1_179' title='bbox 70 3476 104 3529; x_wconf 88' lang='lat' dir='ltr'><strong>ut</strong></span> <span class='ocrx_word' id='word_1_180' title='bbox 182 3484 237 3528; x_wconf 87' lang='lat' dir='ltr'><strong>em</strong></span> <span class='ocrx_word' id='word_1_181' title='bbox 254 3471 312 3527; x_wconf 88' lang='lat' dir='ltr'><strong>aut</strong></span> <span class='ocrx_word' id='word_1_182' title='bbox 330 3472 509 3549; x_wconf 76' lang='lat' dir='ltr'><strong>tyrannum,</strong></span> <span class='ocrx_word' id='word_1_183' title='bbox 528 3458 587 3528; x_wconf 93' lang='lat' dir='ltr'><strong>sed</strong></span> <span class='ocrx_word' id='word_1_184' title='bbox 606 3472 767 3552; x_wconf 83' lang='lat' dir='ltr'><strong>tamquam</strong></span> <span class='ocrx_word' id='word_1_185' title='bbox 788 3483 887 3529; x_wconf 90' lang='lat' dir='ltr'><strong>unum</strong></span> <span class='ocrx_word' id='word_1_186' title='bbox 906 3461 1009 3549; x_wconf 75' lang='lat' dir='ltr'><strong>gessit</strong></span> <span class='ocrx_word' id='word_1_187' title='bbox 1026 3458 1068 3529; x_wconf 89' lang='lat' dir='ltr'><strong>da</strong></span> <span class='ocrx_word' id='word_1_188' title='bbox 1081 3459 1192 3551; x_wconf 90' lang='lat' dir='ltr'><strong>plebe;</strong></span> 
     </span>
     <span class='ocr_line' id='line_1_29' title="bbox 71 3559 453 3635; baseline -0.005 -20"><span class='ocrx_word' id='word_1_189' title='bbox 71 3568 149 3635; x_wconf 83' lang='lat' dir='ltr'><strong>quae</strong></span> <span class='ocrx_word' id='word_1_190' title='bbox 194 3569 232 3615; x_wconf 86' lang='lat' dir='ltr'><strong>us</strong></span> <span class='ocrx_word' id='word_1_191' title='bbox 249 3567 373 3615; x_wconf 86' lang='lat' dir='ltr'><strong>summu</strong></span> <span class='ocrx_word' id='word_1_192' title='bbox 393 3559 453 3613; x_wconf 86' lang='lat' dir='ltr'><strong>est.</strong></span> 
     </span>
    </p>
   </div>
   <div class='ocr_carea' id='block_1_11' title="bbox 357 3711 1234 3790">
    <p class='ocr_par' dir='ltr' id='par_1_12' title="bbox 357 3711 1234 3790">
     <span class='ocr_line' id='line_1_30' title="bbox 357 3711 1234 3790; baseline -0.006 -2"><span class='ocrx_word' id='word_1_193' title='bbox 357 3711 450 3790; x_wconf 79' lang='grc'><strong>175.</strong></span> <span class='ocrx_word' id='word_1_194' title='bbox 504 3716 648 3790; x_wconf 79' lang='lat' dir='ltr'><strong>Biana</strong></span> <span class='ocrx_word' id='word_1_195' title='bbox 678 3716 890 3790; x_wconf 82' lang='lat' dir='ltr'><strong>Taurica.</strong></span> <span class='ocrx_word' id='word_1_196' title='bbox 1196 3735 1234 3784; x_wconf 85' lang='lat' dir='ltr'><strong>oo</strong></span> 
     </span>
    </p>
   </div>
   <div class='ocr_carea' id='block_1_12' title="bbox 65 3837 1231 4620">
    <p class='ocr_par' dir='ltr' id='par_1_13' title="bbox 65 3837 1231 4620">
     <span class='ocr_line' id='line_1_31' title="bbox 149 3837 1191 3947; baseline -0.007 -36"><span class='ocrx_word' id='word_1_197' title='bbox 149 3843 258 3911; x_wconf 83' lang='lat' dir='ltr'><strong>Diana</strong></span> <span class='ocrx_word' id='word_1_198' title='bbox 277 3840 435 3923; x_wconf 75' lang='lat' dir='ltr'><strong>Taurica,</strong></span> <span class='ocrx_word' id='word_1_199' title='bbox 456 3864 550 3947; x_wconf 75' lang='lat' dir='ltr'><strong>quarn</strong></span> <span class='ocrx_word' id='word_1_200' title='bbox 573 3844 705 3911; x_wconf 84' lang='lat' dir='ltr'>Orestes</span> <span class='ocrx_word' id='word_1_201' title='bbox 727 3841 769 3908; x_wconf 91' lang='lat' dir='ltr'><strong>de</strong></span> <span class='ocrx_word' id='word_1_202' title='bbox 790 3841 922 3931; x_wconf 84' lang='lat' dir='ltr'><strong>Scythia</strong></span> <span class='ocrx_word' id='word_1_203' title='bbox 942 3837 1108 3913; x_wconf 72' lang='lat' dir='ltr'><strong>transtulit,</strong></span> <span class='ocrx_word' id='word_1_204' title='bbox 1131 3837 1191 3905; x_wconf 88' lang='lat' dir='ltr'><strong>bu·</strong></span> 
     </span>
     <span class='ocr_line' id='line_1_32' title="bbox 67 3925 1191 4078; baseline -0.006 -80"><span class='ocrx_word' id='word_1_205' title='bbox 67 3952 160 4036; x_wconf 64' lang='lat' dir='ltr'><strong>pauo</strong></span> <span class='ocrx_word' id='word_1_206' title='bbox 181 3928 348 4077; x_wconf 63' lang='lat' dir='ltr'><strong>sanguine¹</strong></span> <span class='ocrx_word' id='word_1_207' title='bbox 359 3929 475 4016; x_wconf 78' lang='lat' dir='ltr'><strong>ptamn</strong></span> <span class='ocrx_word' id='word_1_208' title='bbox 496 3940 712 3998; x_wconf 81' lang='lat' dir='ltr'><strong>consueverat</strong></span> <span class='ocrx_word' id='word_1_209' title='bbox 754 3928 855 4078; x_wconf 45' lang='lat' dir='ltr'><strong>(gajus</strong></span> <span class='ocrx_word' id='word_1_210' title='bbox 871 3948 968 4077; x_wconf 79' lang='lat' dir='ltr'><strong>qupm</strong></span> <span class='ocrx_word' id='word_1_211' title='bbox 988 3925 1191 3993; x_wconf 84' lang='lat' dir='ltr'><strong>simulacrum</strong></span> 
     </span>
     <span class='ocr_line' id='line_1_33' title="bbox 66 4015 1192 4183; baseline -0.01 -13"><span class='ocrx_word' id='word_1_212' title='bbox 66 4017 301 4170; x_wconf 74' lang='grc'><strong>1111111</strong></span> <span class='ocrx_word' id='word_1_213' title='bbox 314 4015 596 4182; x_wconf 54' lang='lat' dir='ltr'><strong>,sitienti</strong></span> <span class='ocrx_word' id='word_1_214' title='bbox 608 4036 688 4164; x_wconf 81' lang='grc'><strong>..11</strong></span> <span class='ocrx_word' id='word_1_215' title='bbox 704 4022 1192 4183; x_wconf 69' lang='grc'><strong>11111111111111</strong></span> 
     </span>
     <span class='ocr_line' id='line_1_34' title="bbox 66 4180 1231 4282; baseline -0.008 -27"><span class='ocrx_word' id='word_1_216' title='bbox 66 4186 114 4255; x_wconf 89' lang='lat' dir='ltr'><strong>lus</strong></span> <span class='ocrx_word' id='word_1_217' title='bbox 139 4184 306 4262; x_wconf 82' lang='lat' dir='ltr'><strong>obediret,</strong></span> <span class='ocrx_word' id='word_1_218' title='bbox 333 4185 491 4253; x_wconf 84' lang='lat' dir='ltr'><strong>inventum</strong></span> <span class='ocrx_word' id='word_1_219' title='bbox 521 4196 589 4265; x_wconf 84' lang='lat' dir='ltr'><strong>est,</strong></span> <span class='ocrx_word' id='word_1_220' title='bbox 616 4196 651 4252; x_wconf 94' lang='lat' dir='ltr'><strong>ut</strong></span> <span class='ocrx_word' id='word_1_221' title='bbox 676 4186 758 4250; x_wconf 88' lang='lat' dir='ltr'><strong>inter</strong></span> <span class='ocrx_word' id='word_1_222' title='bbox 781 4205 818 4249; x_wconf 91' lang='lat' dir='ltr'><strong>se</strong></span> <span class='ocrx_word' id='word_1_223' title='bbox 837 4182 1016 4271; x_wconf 87' lang='lat' dir='ltr'><strong>impuberes</strong></span> <span class='ocrx_word' id='word_1_224' title='bbox 1037 4183 1127 4271; x_wconf 88' lang='lat' dir='ltr'><strong>pueri</strong></span> <span class='ocrx_word' id='word_1_225' title='bbox 1150 4180 1231 4282; x_wconf 72' lang='lat' dir='ltr'><strong>droa</strong></span> 
     </span>
     <span class='ocr_line' id='line_1_35' title="bbox 66 4266 1193 4354; baseline -0.01 -12"><span class='ocrx_word' id='word_1_226' title='bbox 66 4269 260 4342; x_wconf 79' lang='lat' dir='ltr'><strong>sustinendis</strong></span> <span class='ocrx_word' id='word_1_227' title='bbox 288 4272 470 4338; x_wconf 79' lang='lat' dir='ltr'><strong>verberibus</strong></span> <span class='ocrx_word' id='word_1_228' title='bbox 499 4270 745 4350; x_wconf 79' lang='lat' dir='ltr'><strong>contenderent,</strong></span> <span class='ocrx_word' id='word_1_229' title='bbox 773 4289 813 4333; x_wconf 88' lang='lat' dir='ltr'><strong>ac</strong></span> <span class='ocrx_word' id='word_1_230' title='bbox 839 4290 875 4332; x_wconf 89' lang='lat' dir='ltr'><strong>sa</strong></span> <span class='ocrx_word' id='word_1_231' title='bbox 900 4270 932 4333; x_wconf 93' lang='lat' dir='ltr'><strong>in</strong></span> <span class='ocrx_word' id='word_1_232' title='bbox 959 4266 1022 4333; x_wconf 87' lang='lat' dir='ltr'><strong>bac</strong></span> <span class='ocrx_word' id='word_1_233' title='bbox 1041 4267 1193 4354; x_wconf 83' lang='lat' dir='ltr'><strong>patientta</strong></span> 
     </span>
     <span class='ocr_line' id='line_1_36' title="bbox 66 4351 1193 4448; baseline -0.007 -22"><span class='ocrx_word' id='word_1_234' title='bbox 66 4366 288 4448; x_wconf 65' lang='lat' dir='ltr'><strong>provocarent</strong></span> <span class='ocrx_word' id='word_1_235' title='bbox 328 4356 374 4424; x_wconf 84' lang='lat' dir='ltr'><strong>Et</strong></span> <span class='ocrx_word' id='word_1_236' title='bbox 399 4376 496 4445; x_wconf 89' lang='lat' dir='ltr'><strong>super</strong></span> <span class='ocrx_word' id='word_1_237' title='bbox 519 4379 606 4424; x_wconf 87' lang='lat' dir='ltr'><strong>aram</strong></span> <span class='ocrx_word' id='word_1_238' title='bbox 626 4357 752 4423; x_wconf 89' lang='lat' dir='ltr'><strong>Dianae</strong></span> <span class='ocrx_word' id='word_1_239' title='bbox 770 4353 908 4440; x_wconf 88' lang='lat' dir='ltr'><strong>impositi</strong></span> <span class='ocrx_word' id='word_1_240' title='bbox 928 4351 1061 4440; x_wconf 77' lang='lat' dir='ltr'><strong>flagellis</strong></span> <span class='ocrx_word' id='word_1_241' title='bbox 1083 4355 1193 4419; x_wconf 84' lang='lat' dir='ltr'><strong>verbe-</strong></span> 
     </span>
     <span class='ocr_line' id='line_1_37' title="bbox 65 4437 1193 4528; baseline -0.005 -17"><span class='ocrx_word' id='word_1_242' title='bbox 65 4446 221 4513; x_wconf 81' lang='lat' dir='ltr'><strong>rabantur</strong></span> <span class='ocrx_word' id='word_1_243' title='bbox 240 4452 303 4509; x_wconf 89' lang='lat' dir='ltr'><strong>tam</strong></span> <span class='ocrx_word' id='word_1_244' title='bbox 325 4440 394 4517; x_wconf 90' lang='lat' dir='ltr'><strong>diu,</strong></span> <span class='ocrx_word' id='word_1_245' title='bbox 414 4440 519 4508; x_wconf 89' lang='lat' dir='ltr'><strong>donec</strong></span> <span class='ocrx_word' id='word_1_246' title='bbox 540 4464 579 4511; x_wconf 83' lang='lat' dir='ltr'><strong>ex</strong></span> <span class='ocrx_word' id='word_1_247' title='bbox 602 4443 739 4511; x_wconf 88' lang='lat' dir='ltr'><strong>humano</strong></span> <span class='ocrx_word' id='word_1_248' title='bbox 759 4459 896 4528; x_wconf 90' lang='lat' dir='ltr'><strong>corporo</strong></span> <span class='ocrx_word' id='word_1_249' title='bbox 916 4437 1048 4526; x_wconf 78' lang='lat' dir='ltr'><strong>sanguis</strong></span> <span class='ocrx_word' id='word_1_250' title='bbox 1069 4440 1193 4518; x_wconf 82' lang='lat' dir='ltr'><strong>flueret,</strong></span> 
     </span>
     <span class='ocr_line' id='line_1_38' title="bbox 66 4527 521 4620; baseline -0.009 -23"><span class='ocrx_word' id='word_1_251' title='bbox 66 4530 121 4620; x_wconf 86' lang='lat' dir='ltr'><strong>qui</strong></span> <span class='ocrx_word' id='word_1_252' title='bbox 140 4531 244 4597; x_wconf 85' lang='lat' dir='ltr'><strong>instar</strong></span> <span class='ocrx_word' id='word_1_253' title='bbox 264 4527 407 4595; x_wconf 79' lang='lat' dir='ltr'><strong>sacrifici</strong></span> <span class='ocrx_word' id='word_1_254' title='bbox 428 4540 521 4596; x_wconf 82' lang='lat' dir='ltr'><strong>esset.</strong></span> 
     </span>
    </p>
   </div>
   <div class='ocr_carea' id='block_1_13' title="bbox 0 0 1334 5130">
    <p class='ocr_par' dir='ltr' id='par_1_14' title="bbox 0 0 1334 5130">
     <span class='ocr_line' id='line_1_39' title="bbox 0 0 1334 5130; baseline 0 0"><span class='ocrx_word' id='word_1_255' title='bbox 0 0 1334 5130; x_wconf 95' lang='lat' dir='ltr'><strong> </strong></span> 
     </span>
    </p>
   </div>
  </div>
 </body>
</html>
