2640 5130
183 257 269 335 au
498 259 680 362 nsunt.
715 259 788 333 ur.
840 253 907 335 re.
958 254 1001 333 s.

182 445 256 513 niat.
299 443 383 512 Nam
400 443 487 534 quod
510 444 638 511 Servius
665 444 791 512 minime
817 442 948 533 primam
978 441 1158 531 producere
1178 442 1292 517 assedt

181 532 255 619 quia
277 528 420 597 videlicet
441 532 603 596 Graecum
629 553 743 597 nornen
774 529 921 597 Latinam
943 551 1004 594 non
1026 528 1158 618 recipiat
1177 543 1303 618 etymo.

180 616 317 704 logiam,
339 615 380 680 de
403 638 441 680 eo
464 616 604 691 Tullius,
626 629 661 683 ut
681 637 777 703 supra
798 615 969 691 innuimus,
989 613 1104 703 aliique
1122 636 1185 679 non
1208 613 1292 700 peuri

181 699 348 769 dissentire
369 700 521 767 ridentur.
563 701 664 767 Varro
685 701 821 789 denique
838 699 897 767 ait:
926 697 1152 798 Etymologia
1168 710 1293 765 sertam

156 804 249 853 onon
269 783 370 850 ltobet
387 784 646 872 proprietatem,
664 785 726 850 sed
743 807 808 872 pro
827 794 934 871 coptu
952 783 1088 871 ingenis
1097 780 1162 870 fit.
1204 784 1292 851 Nam

178 879 212 934 et
229 867 436 933 vestibulum
465 869 562 931 'uxta
576 867 666 933 ulios
687 868 830 956 eoquod
842 869 995 954 januam
1008 869 1155 946 vestiat,
1175 889 1292 932 secun·

177 951 262 1016 dum
281 952 370 1017 alios
390 973 414 1015 a
474 962 551 1016 estc
570 952 672 1039 (nam
696 950 825 1020 Vestae
842 952 948 1016 liuzen
961 961 1198 1017 consecratum
1217 947 1294 1035 est),

177 1046 234 1112 ut,
261 1045 301 1100 ut
327 1035 395 1100 atii
427 1035 563 1116 volant,
595 1036 686 1124 quod
713 1035 791 1101 illic
820 1035 939 1102 nullus
958 1044 1047 1109 stet,
1080 1034 1217 1100 dictum
1237 1046 1292 1099 est.

181 1118 357 1202 Quomodo
376 1118 469 1184 enim
500 1141 645 1185 vesanus
674 1142 737 1186 nou
757 1143 881 1193 sonus,
911 1120 963 1186 sic
989 1116 1215 1200 vestibulum,
1240 1117 1292 1181 in·

139 1202 323 1290 requirent,
357 1204 460 1292 quasi
493 1225 557 1270 non
588 1202 763 1270 stabulum
796 1203 948 1281 dicitar3
981 1202 1020 1268 in
1048 1202 1172 1268 limine
1206 1202 1292 1267 enim

177 1285 272 1350 solus
290 1298 341 1352 est
360 1287 545 1354 transitus.
587 1287 657 1355 Utri
686 1302 793 1357 autern
820 1288 904 1378 parti
925 1284 1102 1354 favendum⁴
1121 1285 1181 1366 sit,
1205 1287 1292 1376 juxa

177 1372 423 1439 controversiam
459 1369 502 1439 de
542 1373 706 1442 contrariis
743 1374 868 1462 legibus
901 1373 1043 1461 relinquo
1077 1370 1290 1438 ventilandum

175 1455 282 1560 Pater⁸
297 1456 392 1560 etiarn
411 1457 485 1526 licet
505 1458 643 1525 omniurn
662 1457 797 1526 deorum
817 1459 995 1560 nomen-sit
1008 1456 1171 1549 generale,
1191 1470 1290 1524 marea

137 1543 1291 1717 ,tttttttulltttffffltt‘qttlttt‘srffll'titttttmtttt

177 1734 263 1779 mum
285 1712 380 1779 deum
403 1714 464 1779 dici
486 1652 537 1779 vd
560 1725 692 1801 patrem.
742 1714 908 1782 Summum
929 1714 1012 1789 enirn
1037 1712 1172 1802 quisque
1200 1711 1291 1778 deum

176 1808 286 1872 vocat.
306 1821 401 1886 quern
425 1799 594 1886 praecipue
614 1811 789 1867 veneratur.
831 1799 913 1867 Indo
931 1809 997 1865 est:

262 1884 401 1948 Surrrme
420 1879 521 1948 desim
541 1884 657 1947 suncti
677 1895 790 1948 castos
812 1883 967 1952 Soractis
987 1879 1125 1970 Apollo.

175 1964 312 2056 Proprie
333 1979 437 2032 tamen
460 1965 523 2031 hoo
543 1966 705 2054 epitheton
727 1969 799 2036 Jori
818 1968 927 2036 datum
949 1978 1014 2046 est,
1046 1977 1099 2033 ut:

133 2065 170 2112 2⁰
262 2050 360 2117 Note
411 2051 502 2114 atris
529 2054 674 2128 summi,
706 2054 766 2139 qui
786 2055 857 2121 tela
886 2051 1046 2140 'l'ypltoe'a
1073 2049 1212 2124 tenonis,

176 2136 260 2202 Sunt
296 2146 329 2201 et
364 2073 424 2199 alsa
455 2133 547 2201 hu‘us
579 2148 612 2203 et
643 2138 792 2219 aliorum,
833 2137 877 2203 de
912 2137 1025 2224 quibus
1059 2134 1195 2222 egimus,
1217 2131 1291 2198 deo-

175 2243 247 2285 rum
274 2219 446 2295 vocabulo,
499 2243 518 2284 e
546 2220 659 2306 quibus
685 2223 900 2291 authenticum
919 2243 983 2286 non
1011 2220 1075 2305 legi
1097 2221 1291 2307 scripturam.

140 2340 143 2350 ·
176 2303 272 2377 Quod
294 2303 376 2370 enirn
397 2303 516 2369 Libero
537 2303 721 2387 adhibetur,
744 2318 780 2374 ut
805 2307 942 2376 Iacchus
964 2296 1108 2384 dicotur,
1140 2306 1186 2369 rel
1208 2302 1290 2392 quod

176 2389 273 2454 Boius
293 2399 492 2476 nuncupetur
511 2388 615 2478 (quod
636 2390 759 2455 bostrom
777 2414 924 2481 paerrtm
943 2389 1141 2478 interpretari
1155 2388 1290 2471 dicunt),

132 2474 250 2541 enitent
272 2473 357 2561 quod
378 2474 509 2540 Briseus
531 2476 721 2564 appelletur,
740 2474 774 2541 id
795 2487 845 2545 est
864 2476 1076 2563 exprimens,
1100 2473 1174 2562 quia
1195 2474 1291 2539 Liber

175 2558 293 2645 primus
323 2559 426 2624 vinum
454 2560 495 2624 ab
525 2583 585 2625 uva
614 2561 822 2649 expresserit,
857 2559 908 2626 lac
939 2561 980 2626 ab
1009 2560 1123 2636 ubere,
1161 2558 1223 2625 mel
1250 2558 1292 2623 de

176 2645 248 2709 savo
276 2644 344 2731 (rel
366 2644 496 2710 Briseus
532 2656 583 2712 est
601 2643 777 2727 initantum
811 2668 884 2713 nuru
905 2656 939 2712 et
958 2646 1036 2711 duas
1053 2643 1085 2708 in
1107 2644 1246 2713 Graecia
1265 2643 1291 2710 is

177 2731 277 2795 t'ertur
312 2729 459 2795 habuisse
489 2740 627 2806 statuas.
666 2730 797 2797 alteram
820 2732 995 2796 dirrutum
1033 2727 1150 2795 dictam
1178 2728 1291 2806 Bassi,

175 2814 306 2882 alterum
334 2814 443 2879 lenem
471 2815 589 2882 dictam
607 2814 766 2902 Lenaei);
798 2814 846 2881 rel
866 2814 953 2902 quod
969 2815 1145 2880 Bassareus
1165 2837 1185 2880 a
1207 2828 1292 2881 resto

133 2900 243 2989 noejus
263 2922 300 2964 us
324 2922 365 2965 uo
384 2898 426 2964 ad
445 2899 543 2987 pedes
564 2899 700 2966 demissa
716 2911 863 2979 vocetur,
885 2898 970 2966 dicto
991 2923 1011 2965 a
1032 2898 1158 2964 nomine
1178 2899 1239 2966 loci
1258 2900 1291 2964 in

175 2982 278 3074 Lydia
290 2922 342 3049 uisi
357 2984 454 3052 fiebat
463 2983 568 3070 (unde
577 3000 609 3051 et
620 2986 708 3074 ipsae
721 2985 881 3053 ministrae
894 2983 1079 3051 Bassaridas
1093 2995 1292 3073 nuncupatae

175 3071 363 3158 putantur),
400 3081 436 3137 ut
465 3070 634 3141 Horatius:
683 3071 839 3136 Candide
869 3069 1065 3148 Bassareu3
1086 3083 1119 3135 et
1141 3069 1248 3136 Nero:

259 3154 441 3233 Bassaris,
479 3167 513 3218 et
540 3156 676 3244 Lyttos,
707 3155 854 3219 Maenas
870 3152 1013 3242 flexura
1040 3154 1229 3241 corymbis:

176 3232 257 3303 haec
279 3238 353 3324 quia
373 3237 405 3303 in
425 3239 613 3307 authenticis
634 3261 696 3305 non
716 3239 843 3326 repperi
869 3236 1074 3315 editionibus,
1104 3239 1153 3303 vel
1181 3239 1290 3327 vulga-

134 3322 241 3401 coria,
263 3323 310 3388 vel
331 3334 452 3389 temere
472 3323 654 3404 adinventa,
687 3323 735 3390 rel
757 3324 855 3401 laisa,
889 3323 936 3388 vel
958 3322 1141 3426 apocrypha
1162 3322 1250 3390 duxi.

259 3405 289 3481 ,3.
331 3405 428 3474 Indos
449 3408 505 3474 vel.
519 3409 562 3474 ob
584 3409 646 3474 hoc
669 3407 761 3497 juxta
790 3408 997 3495 Fuigentium
1026 3408 1141 3474 dicitur
1168 3409 1291 3488 vicisse,

174 3489 262 3577 quod
285 3490 332 3558 sol
354 3514 410 3557 eos
432 3491 506 3561 lacit
539 3504 720 3580 potatores,
754 3494 801 3559 rel
821 3494 908 3596 quod
930 3494 981 3561 hic
1001 3494 1036 3561 fit
1057 3494 1228 3562 Falernum
1247 3493 1289 3561 ri-

173 3596 248 3641 nunt
276 3575 323 3642 rel
356 3577 581 3655 Mareoticum:
613 3579 719 3667 cuius,
752 3578 868 3667 inquit,
897 3578 959 3645 vini
990 3577 1074 3646 lanta
1101 3579 1200 3647 virtus
1231 3590 1291 3660 est,

175 3671 210 3726 ut
237 3658 286 3726 vix
311 3659 441 3747 quilibet
476 3662 600 3730 vinosus
635 3664 807 3732 sextarium
843 3664 877 3731 in
913 3688 1022 3733 meuse
1054 3676 1157 3732 totum
1194 3663 1291 3732 bibat.

132 3742 270 3815 toUnde
290 3744 458 3812 Lucanus:

198 3834 207 3845 '
258 3829 472 3895 Indomitum
500 3828 623 3895 Meroe'
645 3852 769 3918 cogens
796 3855 813 3895 e
838 3852 959 3899 umore
985 3832 1189 3900 Falernum.

174 3912 291 4002 Neque
319 3914 401 3980 enirn
425 3936 508 4000 aqua
530 3937 623 4001 posse
651 3914 773 3980 domari
818 3920 919 3982 icitur.
960 3916 1099 4018 Legitur
1119 3931 1152 3985 et
1172 3919 1203 3983 in
1223 3916 1287 3985 his·

175 4000 275 4075 toria,
306 3999 393 4088 quod
414 3999 497 4065 siout
519 3997 602 4086 apud
626 4000 670 4064 Ae
696 4000 797 4103 yptios
823 4001 924 4068 Osiris
947 4017 1076 4068 muratus
1098 4001 1206 4078 isidis,
1240 4004 1288 4068 sic

174 4083 259 4184 apud
283 4083 378 4149 ludos
400 4081 517 4160 hibor,
546 4105 641 4170 quum
664 4021 706 4166 de
725 4087 762 4151 ris
782 4085 1021 4191 triumphasset,
1049 4110 1147 4152 ustum
1161 4090 1288 4154 invene-

132 4181 214 4236 nant
244 4168 413 4235 vinearum.
468 4173 493 4232 Α
522 4167 654 4233 Marone
693 4171 827 4239 nutritus
858 4173 992 4243 dicitur.
1028 4174 1116 4260 qrrasi
1144 4173 1286 4238 Merone.

175 4252 267 4317 Mero
287 4254 369 4318 enirn
390 4256 545 4318 nutritor
569 4253 779 4321 oirrolentioe
813 4253 937 4324 dicitur.
982 4257 1018 4323 ln
1041 4259 1176 4344 tigribus
1196 4259 1289 4325 sedet
