2640 5130
483 594 767 656 PROOEMIUM.
1147 600 1184 655 Xl

68 768 183 862 „libro
212 768 256 843 cle
284 764 405 843 herbis
417 793 430 860 3
468 778 503 839 et
531 765 701 839 Leontius
730 765 1024 867 mpthognaphus,
1063 783 1185 844 auctor

68 873 233 963 „minime
251 870 387 961 malus,
418 866 652 964 superioribus
675 870 774 941 annis
795 894 815 939 a
836 867 1087 942 nobistantum
1112 898 1186 945 non

68 970 140 1064 „rh
178 970 300 1044 inleris
342 971 533 1059 excitatus,
585 981 620 1041 et
658 969 842 1066 aliquando
879 995 960 1041 cum
999 971 1184 1071 philologis

68 1071 443 1164 „communicandus”
508 1066 571 1142 Ad
604 1096 692 1166 quae
723 1072 920 1143 Brassicani
953 1071 1058 1145 verba
1090 1076 1183 1146 Bur·

68 1200 202 1248 nunus
232 1172 396 1248 adnomt:
437 1176 543 1244 “non
575 1174 766 1269 praestitit,
809 1184 843 1244 et
871 1172 1038 1247 Leontius
1067 1175 1182 1249 adhuc

68 1274 197 1369 „buu
233 1287 295 1347 ant
323 1274 427 1372 periit
454 1274 490 1344 in
517 1271 610 1345 bello
633 1274 854 1347 smallsaldico
883 1298 961 1345 cnm
991 1277 1181 1349 numerosis

68 1376 174 1467 „aliis
210 1374 314 1449 honis
354 1372 627 1472 scriptoribus.''
698 1374 783 1447 «lam
820 1401 902 1448 vcro
939 1375 1026 1446 illud
1062 1378 1182 1450 inediti

67 1477 192 1553 leontii
217 1477 349 1550 dictum
376 1501 498 1573 reapse
521 1488 615 1548 extat
644 1476 737 1572 apud
761 1487 916 1550 nostrum
941 1479 1078 1550 tertium
1106 1505 1181 1578 my·

66 1577 286 1679 thogruphum
319 1580 356 1650 in
379 1588 528 1649 tractatu
552 1577 629 1665 xl,
663 1575 759 1677 §10
789 1579 861 1651 sic:
896 1603 1051 1677 prumeu-
1064 1579 1185 1652 Morti

67 1681 253 1771 dedicetur,
276 1681 367 1781 ‹puio
391 1679 579 1750 secuudum
594 1678 756 1750 Plinium
781 1681 819 1750 iu
840 1679 1000 1753 murati
1018 1679 1179 1772 historio,

68 1806 106 1852 es
131 1782 282 1852 hommro
317 1804 443 1853 eruore
471 1789 692 1877 procreatur.
722 1822 772 1837 -
838 1778 942 1851 Unde
976 1792 1010 1853 et
1044 1783 1184 1853 roruoui

67 1884 162 1953 noni
187 1883 331 1983 fuerat,
374 1906 452 1953 cum
481 1882 526 1951 dc
553 1905 593 1952 re
621 1878 749 1952 bellico
780 1891 962 1979 operetur,
1002 1893 1036 1953 ot
1063 1882 1185 1955 Morti

67 1982 333 2083 nerifiouretur,
372 1990 454 2054 aros
477 1984 685 2053 constituere
710 1983 921 2080 promissus.
983 1982 1081 2081 Ergo
1105 1978 1180 2082 m'y.

67 2080 352 2184 thopnphnshic
373 2084 552 2155 vaticanus
573 2083 744 2155 Leontius
764 2093 839 2172 cst,
872 2082 1082 2157 Brassicanu
1103 2098 1181 2157 aute
1202 2152 1204 2157 .

67 2208 163 2259 nuos
194 2196 370 2258 trecentos
400 2186 521 2275 visus,
555 2183 680 2256 deinde
712 2183 873 2280 temporis
901 2181 1026 2280 injuria
1058 2186 1182 2267 iterum

65 2286 202 2360 tenebris
225 2285 390 2377 obrutus,
421 2309 515 2357 nunc
539 2309 560 2356 u
583 2309 637 2357 me
662 2283 799 2356 demum
825 2309 890 2381 ope
913 2283 1071 2357 codicum
1094 2288 1180 2359 vsti-

67 2410 218 2461 crnornm
249 2390 288 2459 in
313 2389 563 2484 sempiternam
578 2385 692 2458 lucem
720 2386 924 2458 virndicatus.
978 2387 1057 2459 Nisi
1088 2390 1179 2460 euim
1305 2390 1309 2399 '

10 2560 12 2567 .
64 2487 280 2563 Bmsicsnus
304 2488 442 2561 Leontii
468 2513 593 2560 nomen
622 2488 659 2558 in
686 2487 805 2559 codice
821 2512 894 2559 suo
921 2486 1083 2583 vidisset,
1119 2491 1180 2587 qui

10 2576 13 2625 ³
65 2587 127 2663 leri
156 2602 292 2689 poterat
315 2600 356 2662 nt
379 2590 564 2663 Leontium
591 2586 689 2661 nohis
714 2588 942 2661 occinerett”

123 2694 212 2767 vll.
240 2687 352 2789 “Age
373 2716 455 2764 vero
474 2690 658 2763 Leontium
684 2714 764 2761 cum
785 2688 952 2782 dicimus,
988 2717 1057 2763 non
1081 2691 1179 2764 illum

62 2795 209 2891 prolecto
251 2791 473 2893 intelligimus
517 2792 701 2863 Leontium
743 2803 970 2888 cognomento
1009 2792 1175 2888 Pilatum,

62 2920 154 2993 qoem
169 2894 353 2968 lohannes
368 2894 555 2966 Boccutius
578 2894 616 2962 in
637 2891 812 2963 luculento
836 2918 898 2964 sno
917 2892 960 2965 de
978 2894 1178 2995 genealogia

61 2998 195 3070 deornm
218 3021 322 3093 opere
348 3020 450 3093 saepe
477 2994 561 3064 lacit
585 2992 795 3091 loquentem.
847 2994 930 3066 Fuit
952 2997 1042 3066 enim
1062 2996 1178 3070 Leon·

59 3100 121 3171 tius
149 3096 309 3189 Pilatus,
345 3108 385 3168 nt
410 3098 458 3168 ait
482 3097 667 3168 Boccatius
698 3120 757 3192 op.
786 3095 845 3165 cit.
874 3093 936 3165 lib.
958 3095 1046 3188 XV,
1075 3095 1122 3189 6,
1153 3096 1177 3168 7

56 3197 359 3272 thessalonicensis
382 3196 502 3289 homo,
536 3197 573 3267 in
593 3197 726 3295 graecis
749 3194 888 3293 quidem
906 3195 1028 3268 litteris
1051 3197 1178 3270 doctis·

54 3301 173 3391 simus,
200 3298 263 3372 sed
282 3298 397 3371 latinis
415 3323 484 3372 non
502 3300 586 3369 satis
604 3300 808 3369 instructus.
861 3298 971 3369 Hunc
992 3299 1179 3372 Boccntius

53 3398 223 3501 hospitem
260 3399 354 3473 domi
392 3426 473 3472 suae
508 3397 652 3491 hahuit,
701 3423 847 3495 eumque
885 3399 1079 3471 Homerum
1112 3399 1180 3472 sibi

50 3528 132 3601 prae
212 3511 305 3574 ntem
327 3503 473 3574 triennio
496 3500 620 3592 audiit,
649 3510 753 3597 atque
774 3511 814 3572 ut
835 3501 1039 3598 magistrum
1063 3500 1178 3599 publi·

50 3630 130 3676 cum
232 3614 304 3675 reta
337 3602 493 3675 mercede
523 3601 715 3673 florentini
745 3602 977 3698 susciperent,
1023 3605 1177 3676 curavit:

49 3718 83 3777 et
98 3707 182 3802 quia
199 3729 400 3803 [paucarum
419 3702 634 3775 historiarum
652 3714 753 3799 atque
772 3702 966 3774 fabularum
983 3704 1175 3797 archivum,

48 3820 87 3878 ut
113 3810 190 3905 ipse
220 3807 289 3898 ait,
324 3805 510 3877 Leontium
536 3814 697 3900 expertus
724 3815 816 3895 crat,
855 3804 985 3876 idcirco
1010 3807 1045 3876 in
1075 3832 1178 3903 opere

47 3932 112 3979 suo
134 3904 372 4006 mythologice
395 3905 439 3978 ad
462 3903 565 4002 hujus
584 3904 734 3976 hominis
756 3908 991 3977 auctoritatem
1015 3932 1178 4005 persaepe

45 4021 228 4106 provocat.
270 4009 393 4103 Neque
408 4019 520 4079 tamen
538 4005 668 4102 aliquid
683 4006 849 4078 Leontius
867 4006 1003 4080 Pilatus
1021 4010 1173 4106 scripsit,

46 4122 133 4182 teste
155 4112 233 4207 ipso
258 4110 444 4180 Boccatiot
474 4108 577 4206 hujus
602 4132 665 4205 epo
688 4107 825 4178 necllum
848 4109 926 4179 uitlc'
946 4134 1053 4205 opus,
1080 4113 1176 4210 pulc·

46 4213 133 4309 quid
156 4238 204 4283 eu
235 4236 277 4281 eo
307 4211 436 4299 recito,
471 4211 516 4280 ob
541 4234 582 4280 eo
611 4211 692 4279 uiuo
717 4233 802 4280 uoce
826 4211 996 4381 referente
1018 4213 1174 4308 percepi.

45 4312 215 4385 Leontius
249 4336 333 4408 ergo
360 4312 498 4431 Pilatus
529 4334 675 4428 graecus
703 4308 827 4402 homo,
877 4311 1038 4384 atinitatis
1068 4339 1176 4410 prope

44 4412 567 4590 tttt’sttttutttt
581 4422 879 4604 ⁰tttttttttt,
911 4427 1176 4587 {ttstttttt

44 4632 166 4715 potest.
235 4615 381 4690 Praeter
411 4641 515 4716 quam
544 4614 639 4715 quod
669 4614 838 4690 Leontius
870 4614 1005 4690 Pilatus
1038 4616 1177 4692 saeculo
