2692 4762
363 243 605 347 aynae-1.
659 237 872 317 arr-sn.
1156 238 1184 314 a

52 432 267 521 probitatem,
296 450 340 497 ue
360 449 399 495 se
417 427 570 520 dejiceret
590 426 633 496 de
651 447 773 517 regum
807 437 841 496 et
871 392 914 494 dh
941 425 1026 495 hanc
1055 447 1186 508 causam

53 540 132 589 eum
167 515 308 585 Colchos
336 512 437 593 misit,
463 526 500 581 ut
534 512 610 579 inde
638 511 802 582 detulisset
832 512 946 602 pellem
972 533 1119 591 auream,
1151 511 1184 576 in

54 625 121 690 qua
139 600 290 691 Juppiter
308 600 341 666 iu
364 598 485 668 caelum
507 596 659 666 aseendit
699 596 829 666 Putavit
849 598 949 679 euim,
972 619 1101 664 causam
1123 595 1185 684 ipsi

55 678 129 754 esde
154 684 274 761 mortis.
323 688 432 771 Argus
456 698 562 753 autem
593 681 721 772 quidam
744 683 819 750 iecit
844 705 974 764 navem,
1004 704 1103 750 asuo
1125 704 1181 746 uo·

56 774 142 839 ruine
161 793 245 874 aptae
264 767 350 839 dicta
370 782 420 838 est
436 771 545 861 Argo,
565 791 662 870 aqua
676 767 752 837 dicti
770 779 843 836 suut
860 771 1068 855 Argonautae
1086 768 1205 835 Iasona

57 872 92 925 et
116 878 197 925 secu
223 854 303 921 e'us.
342 854 466 958 Typhis
491 876 573 929 vero¹
587 877 656 944 eJus
675 855 871 944 gubernator
892 867 972 921 erat
1013 852 1077 928 Qui
1098 851 1183 918 navi-
1327 856 1334 867 ’

57 954 173 1030 gentes
194 940 245 1042 (ἕο
256 940 346 1022 chus,
364 939 397 1007 iu
416 963 467 1007 ua
486 951 697 1029 pervenerunt
716 937 865 1042 'l'rojam3
884 960 964 1028 quos
983 936 1184 1040 Laomedon,

56 1048 114 1095 rex
133 1025 273 1117 ijaa,
300 1025 333 1092 in
353 1037 480 1114 portum
507 1026 556 1091 ire
583 1047 646 1091 uon
669 1037 819 1113 permisit.
859 1022 940 1124 Inde
961 1045 1080 1126 reversi
1099 1034 1184 1106 suut,

58 1110 200 1179 dicentes
229 1133 287 1190 ea,
315 1109 475 1198 quaesibi
496 1108 703 1190 Laomedon,
730 1131 788 1176 rex
815 1109 953 1199 Trojae,
982 1109 1067 1177 secut
1109 1107 1184 1182 Qua

58 1218 99 1263 ex
127 1218 225 1265 causa
251 1193 358 1265 Pelias
378 1208 424 1265 et
450 1193 769 1298 Herculesu'l'ro'nam
800 1206 971 1274 venerunt;
1014 1215 1035 1263 a
1068 1192 1225 1283 quihurla

59 1293 240 1370 expugnata
262 1292 330 1359 est,
359 1292 395 1350 et
412 1279 601 1349 Laomedon
620 1291 702 1350 mter
716 1291 815 1349 ectus.

483 1484 554 1562 25.
607 1485 757 1561 lason.

138 1611 239 1681 Iason
295 1634 371 1682 aum
407 1633 562 1703 responso
594 1613 620 1681 A
663 1613 742 1681 llinis
760 1610 904 1693 Colchos·
921 1620 1045 1700 peteret
1063 1611 1106 1679 ad
1133 1633 1184 1680 ra·

59 1696 209 1786 piendum
223 1635 332 1767 'vellus
356 1706 507 1779 auream,
545 1719 609 1789 quo
652 1698 791 1767 Phrixus
814 1695 912 1766 Marti
932 1695 1109 1777 dicaverat,
1142 1721 1182 1765 eo

60 1785 209 1860 obtentu,
243 1795 282 1852 ut
306 1795 440 1864 muros,
471 1783 526 1873 qui
560 1807 579 1851 a
603 1783 647 1852 ud
677 1783 817 1853 Colchos
848 1795 939 1851 erant
969 1781 1226 1860 indomabiles,1⁵

58 1869 193 1958 primum
212 1870 273 1936 suh
288 1869 372 1961 juga
392 1870 546 1951 mitteret3
602 1869 703 1950 edea,
722 1890 846 1938 summa
867 1867 1097 1951 veneficarum,
1117 1868 1187 1958 pul-

61 1954 269 2023 chritudiuem
289 1954 358 2046 ejus
384 1955 516 2036 mirata,
545 1953 614 2042 egit
641 1978 700 2023 suo
724 1953 895 2035 veneficio,
926 1965 962 2022 ut
982 1967 1090 2023 tauros
1111 1955 1186 2020 suh-
1297 1996 1299 2003 ·

55 2038 204 2128 jugaret,
239 2050 274 2109 et
303 2040 486 2131 pervigilem
514 2036 686 2107 draconem
724 2039 895 2108 occideret
957 2042 1031 2116 Qun
1066 2040 1186 2122 occiso,

60 2124 203 2215 ejusdem
223 2122 335 2195 dentes
356 2128 435 2194 serit
450 2126 569 2215 junctis
596 2126 713 2208 tauris,
736 2125 877 2192 'Vulcani
904 2123 1013 2212 iguem
1046 2126 1185 2193 ellia'nti·

59 2209 136 2279 hus:
175 2208 265 2277 uude
291 2210 358 2279 nati
385 2210 527 2278 homiues
554 2212 670 2279 mutuis
698 2209 877 2278 vulneribus
902 2233 940 2277 se
955 2212 1227 2297 ,concideruntaa

58 2294 127 2361 Has
150 2304 259 2362 autem
279 2296 310 2363 ei
330 2296 527 2401 conditiones
547 2299 648 2365 Aeeta
666 2318 723 2364 rex
744 2304 976 2400 proposuerat,
994 2298 1048 2402 cui
1074 2296 1186 2386 Apollo

58 2378 535 2557 ii‘dlldh‘ihhld'hill
563 2394 796 2535 {iutilia
814 2378 1187 2558 ,titelhlllll‘ll

61 2546 153 2617 deam
173 2570 308 2618 uxorem
327 2551 447 2619 hahuit.
488 2548 556 2620 Sed
599 2573 674 2619 uum
693 2549 859 2620 induceret
869 2550 1039 2655 pellicem,
1059 2554 1186 2622 nomine

61 2633 228 2738 phocen,
258 2635 355 2703 filiam
381 2637 548 2719 Creontis,
568 2575 686 2727 ldedea
705 2637 794 2707 dedit
813 2648 952 2707 tunicam
972 2638 1074 2729 pellici
1094 2647 1226 2723 suae,²⁵

62 2719 211 2789 resectam
230 2723 358 2790 venenis
381 2722 513 2790 etalio.
545 2722 651 2798 Quam
673 2745 771 2812 quum
794 2721 957 2806 indueret,
988 2725 1094 2815 coepit
1114 2748 1186 2792 cre-

62 2806 139 2872 mari
167 2805 326 2876 incendio.
365 2807 465 2874 'lunc
489 2806 608 2875 Medea
633 2808 771 2876 animum
797 2807 940 2891 Iasonis,
972 2823 1086 2880 contra
1112 2834 1184 2880 sae-

61 2888 188 2975 vientis,
216 2912 281 2959 nan
300 2893 476 2973 sustineus,
503 2891 587 2961 elato
606 2906 754 2985 serpente
778 2891 912 2982 aufugit.

446 3095 515 3171 26.
568 3096 798 3199 Orithyia.

140 3221 305 3313 Orithyia,
335 3224 509 3293 Erechthei
535 3225 622 3313 regis
650 3226 884 3295 Atheniensium
905 3226 969 3293 filia
989 3236 1023 3293 et
1039 3224 1228 3294 renue-³⁰

63 3306 172 3381 sileae,
198 3308 292 3397 virgo
316 3310 545 3412 pulcherrima,
573 3312 615 3378 ah
639 3313 794 3400 Aquilone
821 3324 914 3381 vento
944 3310 1092 3379 adamata
1120 3322 1188 3393 est;

65 3403 97 3460 et
114 3402 230 3482 nupta,
256 3415 297 3461 ex
316 3417 386 3484 apso
405 3395 487 3464 duos
507 3396 586 3464 filios
608 3396 734 3478 habuit,
764 3398 867 3464 Zeten
897 3410 931 3464 et
951 3396 1080 3474 Calain,
1109 3418 1188 3486 pen-

65 3488 152 3632 aertstps
182 3477 426 3634 ffieerpesfiarqoi
458 3482 774 3656 instppahepgonautas
804 3505 878 3552 cum
903 3483 1020 3553 laeuae
1049 3483 1188 3564 suerunt,

372 3590 463 3657 pyras
563 3592 582 3635 v
639 3615 649 3635 .

453 3738 522 3865 27.
574 3791 792 3868 Phineus.
1191 3802 1229 3855 ³⁵

145 3917 289 3985 Phineus
310 3939 367 3984 rex
389 3916 449 3986 luit
475 3916 642 3986 Arcadiae.
682 3920 748 3987 Hic
777 3919 841 3987 suis
870 3918 975 3987 liberis
1002 3916 1188 4008 superduxit
1216 3888 1219 3893 Ι

73 4020 248 4081 novercam,
280 4004 368 4092 cujus
396 4002 542 4070 instinctu
570 4027 626 4071 eos
648 4005 795 4073 caecavit
839 4006 892 4072 Ob
914 4029 1006 4092 quam
1031 4027 1097 4070 rem
1116 4005 1188 4070 irati

76 4081 111 4149 dii
129 4087 156 4151 ei
176 4087 287 4155 oculos
305 4089 497 4157 sustulerunt
518 4100 551 4157 et
570 4090 780 4157 adhibuerunt
794 4091 961 4180 Harpyias.
984 4091 1076 4165 Quae
1090 4112 1187 4177 quurn

77 4166 178 4238 alliu
209 4173 301 4238 cibos
328 4174 521 4327 abriperent,
562 4174 708 4243 Iasonem
729 4198 801 4242 cum
823 4177 1031 4276 Argonautis,
1057 4188 1189 4276 propter

79 4250 160 4322 uellus
187 4279 321 4328 aureum
351 4259 488 4327 (lochos
515 4271 693 4350 petentem,
721 4263 860 4351 suscepit
888 4263 1040 4350 hosputi03
1077 4284 1128 4328 cur
1158 4272 1230 4330 etan
