2640 5130
345 549 530 656 nysae.
549 555 588 634 r.
644 552 725 631 roo
738 597 790 619 -
806 552 898 631 roa.
1133 559 1188 633 cs

42 741 144 845 spiritu
164 741 283 845 maria
305 735 482 826 petissent,
515 736 614 841 sensit
632 736 791 826 quandam
805 738 981 842 ,nonarum
1008 739 1187 829 potentiam.

45 830 163 905 mens
184 850 259 897 esra
282 844 463 893 oensem
482 835 533 893 est
552 845 585 891 ru
604 845 719 892 numen
736 846 901 892 mannum.

303 1022 402 1101 100.
454 1024 659 1102 Glaucus
691 1037 735 1102 et
765 1026 933 1104 Venus.

127 1173 254 1242 Potnia
287 1172 400 1242 civitas
431 1185 497 1257 ert,
534 1171 577 1241 ‹le
629 1195 671 1258 na
704 1171 764 1240 suit
794 1172 944 1240 Glaucus.
985 1166 1057 1251 'Qut
1086 1199 1183 1265 quum

53 1282 140 1326 sam
160 1258 304 1327 Veneris
326 1273 508 1349 sperneret,
540 1260 589 1328 illa
608 1196 698 1326 lrata
723 1258 866 1346 equabus
884 1257 1010 1327 immisit
1033 1262 1207 1346 fororem,5

91 1345 163 1411 'bus
184 1345 344 1411 utebatur
362 1343 406 1411 ad
427 1366 570 1425 currum,
599 1354 634 1411 el
653 1365 725 1410 eum
747 1344 902 1411 morsibus
924 1345 1184 1417 dilaceraverunt.

54 1368 103 1495 01
150 1429 229 1496 idco
260 1429 395 1518 lingitur
421 1429 507 1520 quod
531 1430 577 1497 eis
607 1429 746 1495 lurorem
767 1429 876 1495 Venus
901 1429 1078 1512 immiserit,
1109 1435 1184 1520 quia

57 1515 221 1582 &uolatus
251 1527 302 1581 est
328 1512 487 1598 Glaucus,
524 1514 685 1582 effrenatis
710 1512 806 1580 nimia
833 1512 1004 1602 cupiditate
1031 1521 1182 1608 equabus,

57 1622 149 1687 quum
174 1623 233 1667 eras
254 1598 439 1688 prohiberet
457 1624 478 1670 a
498 1601 602 1683 coitu,
631 1611 669 1667 ut
689 1608 797 1667 essent
816 1598 997 1668 velociores.

253 1798 345 1876 llll.
397 1798 601 1879 Chelone
634 1814 677 1880 el
706 1802 979 1879 Mercurius.
1187 1825 1225 1875 ao

138 1950 243 2040 Virgo
272 1943 449 2040 quaedum
485 1945 629 2014 Chelone
656 1946 801 2028 numine,
837 1945 967 2036 linguae
994 1948 1182 2039 impatientis

65 2036 125 2104 luit
176 2039 298 2139 Verum
327 2054 425 2137 quum
447 2031 600 2121 luppiter<
613 2032 770 2111 lunonem
799 2032 858 2136 silli
884 2034 997 2123 nuptiis
1017 2035 1181 2138 jungeret,

66 2121 470 2274 willielmi-l
488 2116 1181 2272 lli?llfilll'l'tlllsslltllff

67 2231 190 2358 trullenl³
221 2290 357 2380 nuptis,
393 2224 499 2356 rioilo
532 2287 707 2356 contemsit„
756 2253 862 2364 Quanl
881 2310 980 2377 quum
999 2291 1223 2357 Mercuriusls

66 2397 121 2442 non
147 2376 256 2444 venire
284 2387 428 2453 notaret,
465 2371 570 2439 denno
600 2371 765 2441 descendit
792 2372 835 2439 ad
862 2385 983 2455 terras,
1023 2388 1057 2444 et
1084 2375 1181 2442 aedes

66 2461 223 2541 lllrclonis,
248 2482 346 2550 super
363 2462 489 2527 flurium
509 2459 642 2548 positus,
666 2457 880 2547 praecipitarit
896 2460 928 2526 in
946 2483 1051 2543 mare3
1078 2462 1181 2551 ipsum

68 2546 235 2613 Glclonem
255 2546 288 2611 in
310 2545 425 2612 animal
446 2543 495 2612 sui
519 2544 650 2610 nominis
676 2544 847 2625 convertit,
875 2568 969 2633 quam
991 2570 1049 2615 nos
1069 2559 1181 2614 restu-

66 2631 172 2697 rlr'uem
192 2632 347 2712 dicimus,
377 2630 536 2734 lecitque,
557 2641 594 2697 ut
615 2650 675 2732 pro
695 2651 800 2732 poena
821 2629 918 2696 dorso
939 2643 1058 2700 tectum
1076 2655 1179 2737 prona

67 2729 208 2871 πνεῖ.
258 2715 358 2784 Unde
386 2726 554 2784 rncurvatrs
580 2711 732 2781 uerlrlicru
760 2713 824 2781 hoc
858 2728 908 2784 est
935 2739 1050 2787 nomen
1076 2729 1220 2808 rupo-nn

266 3260 708 3345 monsacutus
747 3261 956 3343 PRIMUS.

482 3520 647 3591 husan
690 3519 740 3589 ll

213 3696 217 3702 ³
317 3733 411 3813 102.
463 3735 687 3812 Saturnus
724 3746 768 3810 el
802 3735 910 3809 lilii.

132 3887 294 3954 Saturnus
323 3880 462 3950 Pollucis
490 3880 571 3947 filins
601 3879 733 3962 dieitur,
766 3882 847 3972 Opis
878 3880 1026 3959 maritus,
1060 3881 1218 3957 acciones

50 3971 149 4040 relato
176 3973 302 4075 capite,
340 3968 453 4036 sulcem
481 3965 594 4032 serens.
648 3968 711 4043 Qui
738 3967 786 4033 sic
814 3966 930 4036 dicitur
961 3987 1114 4052 regnasse
1143 3977 1177 4031 et

50 4060 144 4126 multa
171 4059 235 4125 sibr
263 4076 369 4143 regna
394 4050 592 4141 subjugasse.
639 4052 735 4118 Unde
757 4064 791 4121 et
811 4054 885 4142 quia
905 4072 1043 4138 magnae
1065 4061 1176 4138 poten-

47 4144 107 4211 tine
128 4144 209 4223 luit,
241 4164 302 4230 pro
324 4139 386 4206 deo
410 4159 533 4206 summo
555 4136 682 4206 habitus
704 4150 761 4207 est

125 4247 257 4316 Habuit
280 4267 321 4311 ex
343 4244 437 4312 llhea
462 4255 529 4311 tres
550 4243 648 4321 lilios,
675 4241 804 4319 Jorem,
832 4239 1036 4328 Neptunum,
1064 4234 1176 4304 Pluto·

46 4355 130 4402 nem:
163 4354 306 4423 quornm
335 4353 414 4398 unus
440 4327 585 4419 anpiter
614 4327 694 4418 putri
723 4326 874 4394 naturalia
903 4324 1056 4391 resecarit
1083 4335 1116 4391 et
1143 4323 1219 4423 inco

44 4442 128 4488 nare
155 4418 315 4510 projecit,
349 4428 382 4483 et
406 4415 504 4481 exiis
530 4424 606 4482 natu
627 4425 676 4480 est
697 4413 821 4492 Venus,
852 4411 914 4478 dea
940 4409 1083 4511 lrbrdrops.
1132 4408 1177 4471 Hr

43 4506 155 4574 fratres
183 4519 221 4573 et
247 4523 307 4590 per
327 4511 444 4569 mrtem
465 4510 579 4588 postea
599 4496 750 4566 mundum
778 4510 879 4565 totum
905 4496 964 4563 sibi
992 4494 1174 4561 ‹lurroerunt⁴

41 4590 188 4686 luppiter
214 4585 360 4672 eaelum,
386 4584 553 4678 Neptunus
573 4605 680 4668 mare,
708 4583 803 4652 Pluto
822 4583 979 4651 infernum
1001 4579 1178 4668 occupavit.

821 4694 845 4762 3
