2640 5130
140 248 198 333 aa
453 249 633 352 olymp.
662 252 694 322 1.
749 245 952 323 ro-ra

532 433 600 511 ⁷0.
652 434 882 510 Evander,
943 449 969 508 ,Ι

145 612 148 619 ·
225 559 375 633 Evander
395 584 494 652 nepus
513 562 682 644 Pallantis,
710 561 795 649 regis
815 559 987 639 Arcadiae,
1016 560 1082 629 tuit
1123 559 1189 629 Hie
1208 583 1267 649 pa·

143 659 224 721 trem
248 669 339 716 suum
366 647 491 717 occidit
548 649 594 717 Et
625 661 728 716 matre
753 642 908 714 suadente
940 645 1140 726 Nicostrata,
1204 669 1264 713 uae

141 744 253 822 postea
280 733 459 800 Carmentis
485 733 661 815 diotavest,
694 729 830 820 expulsis
851 730 1007 798 veteribus
1029 729 1165 811 colonis,
1180 670 1264 798 loon

118 817 293 920 bobtmuit,
324 819 377 884 ubi
404 829 515 906 postea
543 817 650 885 Roma
676 827 856 884 constructa
881 827 944 882 est:
976 828 1010 884 et
1028 816 1186 883 modinum
1208 840 1265 906 op-

142 901 250 1054 ppdum
280 902 420 970 fundavit
448 904 479 970 in
511 915 618 971 monte
643 903 828 984 Pallanteo,
868 901 922 991 qui
958 922 1073 971 nomen
1103 902 1213 970 habuit
1244 924 1265 967 a

173 987 302 1069 allanto,
332 1010 451 1077 proavo
471 986 621 1057 Evandri.

265 1172 328 1249 71.
381 1176 707 1279 Bellerophon,
745 1154 821 1279 qni
854 1188 898 1253 et
930 1178 1168 1270 Perseus..

226 1301 454 1393 Bellerophon,
485 1303 539 1394 qui
558 1314 592 1373 et
610 1305 769 1385 Perseus,
795 1304 1026 1386 Glanobhlius,
1078 1304 1182 1371 uumi
1209 1326 1264 1372 nn-

101 1403 197 1456 torns
218 1387 261 1455 ad
278 1388 432 1456 Proetum
453 1388 485 1454 in
507 1389 675 1458 bonitium
701 1393 853 1473 venisset,
886 1402 919 1460 et
949 1412 1029 1459 uxor
1055 1329 1166 1458 Proeti
1217 1403 1264 1457 te-

143 1476 284 1555 noboea,
312 1475 377 1541 sire
403 1474 513 1551 Antia,
540 1475 624 1542 ium
649 1488 786 1559 amaret,
814 1498 876 1543 neu
896 1479 938 1543 ab
958 1500 999 1544 eo
1019 1476 1186 1565 impetrare
1205 1498 1265 1564 po-

142 1560 268 1639 tuisset,
297 1572 332 1628 ot
351 1580 461 1626 seeum
481 1563 724 1645 concumberet,
755 1563 884 1631 mentita
905 1573 954 1629 ost
974 1560 1059 1650 apud
1079 1561 1194 1640 virum,
1222 1561 1264 1626 ab

143 1667 182 1711 eo
213 1666 250 1711 ae
277 1643 468 1733 compulsam
496 1667 555 1734 pro
583 1659 694 1735 stupro
725 1648 831 1715 luisse.
880 1647 1017 1715 Proetus
1044 1667 1117 1712 vern
1143 1645 1185 1711 ad
1210 1644 1265 1710 Io·

144 1730 248 1796 batem
265 1751 410 1797 sooerum
423 1753 515 1797 snum
526 1731 609 1800 misit
622 1754 711 1812 eum;
732 1745 765 1801 et
785 1731 827 1798 de
849 1732 961 1798 eadem
983 1756 1019 1799 re
1030 1731 1266 1819 Bellerophonti

101 1825 137 1875 tu
145 1813 232 1881 dedit
249 1816 371 1882 tabulas
393 1814 597 1903 perferendas
618 1840 748 1884 socero:
768 1819 881 1902 quibus
898 1818 949 1883 ille
963 1815 1066 1896 lectis,
1088 1816 1266 1883 interficere

142 1898 235 1979 talem
256 1900 381 1968 volebat
402 1901 509 1967 virum.
553 1900 620 1967 Sed
648 1925 747 1990 quum
769 1903 819 1968 ille
870 1901 1014 1969 radentia
1034 1924 1093 1967 sun
1116 1914 1149 1969 et
1170 1902 1265 1968 anafi-

141 1986 214 2053 tatis
244 1984 356 2051 anulio
388 2007 424 2051 se
454 1986 495 2050 ab
526 1985 652 2054 instanti
687 1986 825 2076 periculo
846 1926 1035 2065 liberasset,
1075 1999 1197 2064 tumen,
1227 1998 1264 2054 ut

10 2081 15 2095 ·
48 2129 54 2150 Ι
110 2079 112 2081 ’
187 2068 322 2137 dicitiam
361 2070 490 2159 pericula
525 2073 678 2160 probaret
702 2072 894 2151 immanitas,
936 2072 978 2140 ad
1015 2069 1264 2139 interficiendam

174 2156 342 2222 himaeram
379 2155 491 2223 missus
522 2168 588 2237 est,
629 2179 726 2244 quom
762 2157 893 2246 Pegaso
921 2156 1051 2247 juvante
1110 2158 1264 2225 rostravit.

100 2240 260 2307 ²⁰Denuo
281 2263 353 2307 eum
376 2241 473 2321 misit,
501 2254 538 2310 ut
563 2240 744 2333 Calydonas
767 2243 914 2311 vinceret.
954 2243 1060 2311 Etiam
1082 2180 1148 2310 illos
1167 2264 1264 2330 quum

142 2326 284 2406 vicisset,
315 2326 480 2392 novissime
507 2327 635 2396 Iobates
663 2327 810 2417 agnovit,
850 2351 933 2417 quae
957 2328 1016 2394 sibi
1036 2327 1146 2394 luisset
1167 2350 1264 2394 causa

142 2423 230 2479 tantu
256 2412 336 2479 mala
365 2410 521 2499 patiendi;
561 2412 707 2492 erimina,
743 2414 877 2502 quaein
902 2435 974 2480 eum
1001 2415 1135 2480 conficta
1165 2426 1264 2494 erant,

142 2495 294 2576 abolevit3
328 2496 441 2562 virtute
470 2519 596 2600 quoque
627 2498 796 2585 magnifico
826 2497 1019 2578 colendam,
1050 2499 1143 2566 filiam
1173 2520 1263 2564 suum

141 2580 321 2648 Alcimenen
348 2579 433 2648 detlit
455 2604 484 2647 er
505 2605 644 2653 uxorem.
693 2586 735 2651 At
762 2586 962 2660 Stenoboea,
991 2604 1074 2670 quae
1101 2597 1135 2653 et
1155 2584 1263 2663 ,Antia

100 2681 180 2734 aare
206 2667 351 2754 cognita,
379 2667 506 2757 propria
523 2692 617 2738 manu
637 2668 761 2762 interiit.

523 2857 589 2934 72.
643 2860 894 2937 Chimaera.

227 2985 398 3053 Chimaera
426 2997 599 3056 monstrum
626 2988 774 3056 Chironis
801 3000 834 3056 et
859 2982 1090 3056 Achemenidae
1110 2983 1172 3050 filia
1194 2983 1262 3061 suit,

145 3071 233 3174 oujps
262 3071 371 3173 m‘plep
401 3070 517 3139 dieitur
544 3074 662 3154 lorma3
696 3076 795 3176 prima
825 3094 959 3163 namque
989 3070 1087 3135 leonis
1114 3070 1264 3136 horrebat

101 3157 244 3329 ,otas
268 3157 547 3346 ,rantra
563 3159 908 3348 armatas
924 3157 1131 3393 gratia
1151 3155 1265 3340 ,tra

143 3325 442 3488 toltlttllttt
464 3323 1265 3503 ltlttlttt,ltltlnl'ltttbltlt

142 3518 255 3583 capras
278 3498 482 3579 nutrientem,
501 3497 689 3587 quibusdam
712 3498 891 3584 ardentem,
920 3495 1107 3586 quibusdam
1136 3493 1264 3582 plenum

143 3583 350 3682 serpentibus.
403 3583 736 3685 Hunossellerophon
765 3584 965 3654 habitabilem
993 3578 1147 3685 reddidit3
1179 3576 1265 3644 unde

100 3675 177 3734 anet
197 3666 397 3743 Chtmaeram
419 3666 573 3736 ooordrsso
593 3666 715 3737 dieitur.

541 3865 607 3943 75.
632 3915 634 3919 <
660 3869 866 3942 Perseus.

225 3988 366 4088 Perseus
394 4016 454 4083 per
478 3947 674 4083 Aethopiam
701 3993 920 4074 iterfaciens,
950 4005 1115 4082 postquam
1143 3991 1266 4061 Andro-

143 4068 268 4140 medam
291 4089 421 4164 propter
441 4080 620 4168 superbiam
640 4080 768 4158 matria,
798 4101 880 4166 quae
901 4100 938 4144 se
959 4080 1176 4169 Nympharum
1197 4080 1266 4168 pul-

144 4157 312 4226 chritudini
342 4163 549 4264 praetulerat,
577 4186 653 4230 saxo
681 4164 831 4265 illigatum
858 4167 1057 4240 aomarinae
1077 4166 1188 4234 beluae
1209 4167 1267 4230 ob-

102 4242 258 4333 sojectam
292 4244 384 4329 vidit,
422 4260 534 4338 eaptus
566 4251 673 4339 specie
704 4273 772 4340 ejus
806 4249 938 4333 exarsit3
970 4265 1144 4341 pactusque
1178 4263 1228 4318 est
1248 4273 1269 4316 a
