2640 5130
164 280 219 358 28
399 217 402 221 ·
476 279 656 382 Myllrogr.
684 284 717 355 1.
770 280 981 356 80-582.

380 463 449 540 80.
503 467 686 568 Tydeus
723 477 766 541 et
798 466 1065 588 Polynices.

250 609 400 702 Tydeus,
421 610 524 679 Oenei
544 609 624 676 lilius
644 621 679 677 et
695 609 915 712 Cassiopeiae,
936 610 1100 681 Diomedis
1115 623 1212 701 pater.
1250 613 1283 680 ls

169 720 264 786 quum
300 695 510 799 Melanippum
546 695 642 761 lilium
678 718 770 760 suurn
807 696 1033 780 interfecisset,
1077 698 1148 764 exul
1179 700 1284 784 Argos

191 783 309 848 ervenit
329 794 363 850 et
387 782 521 850 amicitia
542 779 677 847 Adrasto
699 780 769 866 regi
793 779 921 870 junctus
945 796 1003 848 est.
1044 783 1119 873 Ipso
1141 797 1284 870 tempore

142 808 352 972 nl'olynices,
381 889 483 953 regno
504 866 648 953 expulsus
670 889 690 930 a
714 866 811 931 fratre
831 889 889 932 suo
911 867 1060 969 Eteocle,
1089 869 1142 955 qui
1162 868 1284 935 Thebis

165 952 604 1106 lllrltltattlrllllli
624 948 991 1124 lllllljmqlll
1012 953 1284 1125 illlfflrrtl‘il

167 1124 323 1198 futurum,
353 1134 389 1188 nt
413 1121 491 1189 filias
515 1144 589 1187 suas
613 1119 705 1186 daret
731 1143 747 1184 a
773 1143 808 1185 ro
837 1133 870 1186 et
896 1119 977 1187 leoni
1006 1125 1097 1208 (nam
1117 1124 1286 1212 Polynices

167 1223 201 1277 et
223 1207 357 1299 Tydeus
384 1227 492 1302 earum
522 1206 658 1272 lerarnm
682 1143 812 1294 pellillus
838 1207 913 1274 tecti
940 1208 1066 1295 erant),
1102 1210 1286 1278 existimarit

127 1305 243 1372 lorex,
274 1294 319 1359 eis
339 1291 458 1358 debere
492 1291 569 1358 filias
607 1313 682 1357 suas
719 1291 750 1355 in
789 1290 1016 1358 matrimonium
1054 1292 1140 1360 darc.
1198 1296 1286 1361 Hinc

167 1377 338 1458 Adrastus,
371 1376 499 1444 adscitis
527 1377 645 1443 civibus
673 1375 754 1454 suis,
786 1375 934 1444 auxilium
962 1376 1023 1443 Pol
1046 1380 1106 1445 uici
1132 1377 1283 1447 adversus

164 1454 330 1532 Ete'oclem
355 1461 432 1528 tulit.
473 1462 521 1528 lbi
550 1459 683 1551 'l'ydeus
708 1461 890 1528 interiectus
917 1475 975 1530 est.
1016 1403 1185 1554 dolynicas
1212 1488 1284 1533 curn

165 1550 264 1619 fratre
285 1548 400 1617 mutuis
422 1546 598 1615 vulneribus
619 1544 745 1620 cecidit.

336 1713 402 1789 81.
456 1712 759 1814 Spnichronis
788 1728 830 1788 el
861 1713 1132 1788 Branchus.'

127 1871 162 1923 15
254 1859 332 1928 Cius
359 1855 486 1947 quidam
513 1881 568 1925 rex
598 1880 693 1960 quum
719 1861 750 1923 in
777 1858 1030 1960 peregrinatione
1056 1858 1226 1948 pranderet
1251 1859 1284 1925 in

166 1947 274 2024 litore,
304 1967 344 2011 ac
368 1943 484 2011 deinde
510 1945 780 2034 proficisceretur,
809 1944 921 2014 oblitus
943 1960 992 2012 est
1015 1945 1129 2026 lilium,
1158 1945 1284 2011 nomine

79 2043 82 2051 '
167 2031 408 2120 Synichronem.
456 2027 511 2096 llle
532 2031 674 2118 pervenit
698 2029 730 2093 in
757 2026 869 2099 saltum
892 2032 1017 2118 patroni
1041 2030 1222 2120 cujusdam
1251 2041 1284 2098 et

166 2139 264 2206 quum
287 2129 371 2182 esset
389 2125 551 2266 receptus,
573 2115 679 2202 coepit
697 2136 771 2182 cum
789 2114 868 2182 illius
887 2116 993 2204 pneris
1013 2139 1124 2203 capras
1144 2137 1285 2204 pascere.

168 2199 341 2289 Aliquando
378 2223 456 2288 pren
480 2197 606 2267 'derunt
643 2221 802 2288 cygnum,
849 2211 881 2267 et
919 2199 1003 2267 illurn
1042 2212 1285 2289 cooperuerunt.

126 2287 255 2353 nulium
283 2286 342 2387 ipsi
370 2295 532 2375 pugnant,
569 2297 604 2352 ut
632 2284 716 2350 illum
747 2297 879 2378 patrono
908 2308 1020 2352 munus
1047 2288 1215 2365 offerrent,
1253 2297 1286 2354 ct

80 2406 84 2415 ·
169 2395 265 2459 quum
286 2394 354 2460 jam
375 2383 480 2439 essent
500 2370 622 2458 fatigati
642 2369 828 2448 certamine,
856 2369 976 2460 rejecta
996 2384 1098 2452 veste,
1126 2372 1285 2438 mulierem

167 2457 359 2523 invenerunt.
401 2457 447 2523 Et
465 2478 561 2544 quum
585 2455 617 2519 lu
644 2468 748 2534 erent,
776 2457 915 2523 revocati
936 2458 977 2525 ab
999 2479 1055 2536 ea,
1084 2459 1190 2525 moniti
1210 2457 1284 2536 sint,

169 2555 205 2611 ut
231 2553 380 2645 patronus
408 2541 500 2606 unice
523 2478 749 2629 Syniclronem
776 2538 923 2627 diligeret
948 2564 1090 2630 puerum.
1131 2543 1176 2608 llli
1201 2563 1284 2629 quae

168 2627 344 2702 audierunt,
361 2636 497 2729 patrono
517 2623 740 2693 indicaverunt.
771 2626 867 2691 Tunc
886 2638 1036 2714 patronus
1055 2628 1284 2717 Syniclrronem

127 2729 227 2802 aspro
249 2735 308 2781 sno
328 2711 392 2778 filro
412 2711 507 2778 nimio
527 2709 633 2777 dilexit
659 2713 793 2790 affectu,
823 2712 914 2799 eique
936 2712 1028 2778 liliam
1055 2737 1144 2780 suam
1165 2713 1284 2780 ducen-

169 2799 243 2867 dam
273 2797 386 2866 locavit
417 2819 557 2864 uxorem.
598 2795 671 2875 ,lla
702 2819 797 2883 quum
830 2817 1010 2885 praegnans
1041 2821 1080 2864 ex
1115 2822 1156 2865 eo
1189 2809 1285 2876 esset,

169 2883 246 2954 vidit
272 2883 446 2951 insomnis
472 2903 533 2971 per
555 2881 663 2948 fauces
690 2904 763 2946 suas
792 2881 937 2950 introisse
963 2883 1078 2963 solem,
1117 2899 1150 2951 et
1183 2884 1284 2949 exisse

168 2992 228 3060 per
248 2981 394 3036 uentrem.
436 2968 544 3035 Inl'ans
564 2967 668 3035 editus
687 2966 760 3032 idco
781 2962 949 3034 Branchus
970 2981 1099 3036 vocatus
1120 2980 1184 3048 ert,
1212 2967 1287 3055 quia

170 3066 271 3123 mater
302 3054 369 3143 ejus
400 3075 459 3142 per
490 3054 599 3119 lances
631 3052 689 3118 sibi
721 3051 841 3120 viderat
873 3053 904 3118 in
938 3065 1060 3120 uterum
1078 3068 1285 3141 penetrasse.

129 3141 237 3207 ³⁰Hic
256 3162 353 3228 quum
374 3139 406 3203 in
433 3136 514 3205 silvis
534 3136 704 3226 Apollinem
726 3136 882 3205 osculatus
908 3149 1009 3214 esset,
1040 3141 1284 3227 comprehensus

170 3237 219 3293 est
239 3227 279 3291 alr
301 3248 359 3303 eo,
390 3232 423 3291 el
442 3236 574 3312 accepta
595 3245 712 3288 corona
734 3223 901 3311 virgaque,
930 3224 1088 3291 vaticinari
1109 3226 1228 3314 coepit,
1253 3233 1288 3289 et

171 3311 274 3376 subito
302 3331 455 3396 nusquam
484 3309 668 3411 comparuit
709 3307 932 3395 Templnm'ei
962 3307 1079 3379 lactum
1104 3324 1168 3382 est,
1198 3307 1286 3396 quod

170 3392 463 3462 Branchiodon
484 3404 676 3460 nominatur:
703 3404 735 3459 et
754 3393 882 3480 Apollini
904 3393 1021 3480 pariter
1037 3395 1187 3480 plrilesia
1208 3388 1285 3459 cod-

174 3492 298 3547 secratn
318 3489 391 3545 sunt
413 3480 545 3566 templa,
567 3501 649 3565 quae
670 3480 710 3542 ab
728 3479 841 3542 orcrtlo
855 3479 1004 3560 Branchi,
1032 3480 1097 3547 sive
1115 3480 1286 3548 certamine

129 3576 165 3626 ⁸⁶
171 3586 360 3657 puerorum,
377 3564 531 3654 plrilesia
554 3575 783 3653 nuncupantur.

528 3726 596 3802 82.
649 3727 927 3804 Salmoneus.

256 3840 441 3931 §salmoneus
468 3861 568 3930 Elidis
597 3885 653 3929 rex
685 3862 759 3943 suit,
797 3864 850 3949 qui
879 3861 972 3928 nimia
1002 3859 1149 3929 felicitate
1178 3859 1289 3938 elatus,

171 3973 246 4018 suos
274 3951 358 4016 circs
386 3948 569 4015 sacerdotes
596 3961 628 4016 et
651 3970 742 4014 sacra
762 3947 848 4014 Joris
872 3946 913 4012 ad
939 3970 975 4012 se
995 3947 1166 4014 transferre
1185 3947 1289 4037 jussit,

173 4037 294 4122 sibique
317 4035 486 4122 religiones
513 4035 591 4101 illius
612 4046 645 4100 et
665 4054 757 4099 sacru
780 4032 971 4121 impendere.
1001 4034 1081 4109 Hic,
1104 4044 1211 4100 vectus
1232 4055 1289 4121 per

132 4143 299 4193 macreum
313 4135 441 4208 pontem
454 4143 560 4202 curru,
580 4119 765 4186 imitabatur.
780 4121 932 4196 tonitrua,
955 4130 987 4185 et
1005 4118 1091 4184 faces
1110 4121 1140 4185 in
1158 4117 1287 4185 modum

176 4206 308 4272 l'ulmiuis
332 4206 539 4294 jaculabatur.
596 4208 637 4272 At
668 4203 833 4291 luppiter,
864 4225 972 4271 verum
994 4203 1109 4271 fulmen
1130 4216 1290 4294 torquens,

175 4293 375 4382 praecipitem
398 4290 429 4358 in
450 4293 587 4361 Tartara
607 4288 726 4378 adegit.
