2640 5130
352 1005 796 1096 nruunoummnus
822 1004 1101 1088 snuounns.
1127 1095 1133 1110 ,

591 1421 875 1497 Prooemium.

252 1550 297 1629 li,
329 1570 409 1638 quos
437 1546 555 1636 pagani
589 1546 670 1615 deor
703 1546 875 1614 asserendo
901 1554 1112 1641 uenerantur,
1148 1548 1292 1623 hominen

173 1633 245 1702 olim
267 1634 364 1703 luisse
383 1631 579 1724 produntur,
600 1644 634 1700 et
653 1655 714 1721 pro
733 1632 979 1723 uuiuscujusque
1009 1635 1072 1702 rita
1099 1633 1148 1702 rel
1173 1639 1299 1707 monitio

147 1719 281 1790 ooolere
308 1743 364 1786 eor
392 1719 441 1784 aui
468 1730 542 1806 poet
569 1731 704 1785 mortem
723 1731 915 1806 coeperunt3
944 1730 980 1786 ut
1007 1719 1092 1871 apud
1110 1722 1293 1872 Aegyptum

172 1805 249 1883 luia,
271 1828 289 1871 a
314 1803 356 1869 ud
379 1803 509 1873 Cretam
529 1802 572 1867 Ju
596 1803 695 1890 pita,
725 1803 814 1890 apud
833 1805 962 1871 Mauros
986 1805 1028 1871 Ju
1052 1828 1088 1886 a,
1119 1826 1183 1893 apa
1206 1810 1292 1876 *La-

173 1893 251 1958 tium
300 1910 417 1966 annue,
449 1886 535 1976 apud
599 1910 730 1954 omanus
750 1888 919 1992 Quirinus,
948 1912 968 1955 a
993 1890 1037 1956 ud
1064 1889 1205 1958 athenas
1232 1895 1293 1961 Mi-

172 1971 548 2159 littltliftlll
562 1972 931 2148 'initiliiss'liii
949 1972 1294 2149 ntt’ttlllffl·

138 2167 175 2216 ιο
260 2144 298 2212 In
319 2144 431 2230 quibua
453 2155 546 2208 etnam
567 2141 712 2208 laudibua
731 2157 936 2212 aooeraerunt
954 2157 1088 2234 poetae,
1111 2158 1144 2213 et
1163 2168 1295 2237 compo·

175 2229 241 2296 aitis
263 2229 453 2296 carminibus
471 2227 503 2292 iu
525 2227 630 2294 caelos
653 2227 854 2296 sustulerunt.
895 2232 943 2295 Ab
965 2231 1089 2297 actibus
1110 2242 1216 2299 aotam
1238 2258 1294 2301 vo·

176 2328 304 2395 cantur,
326 2326 360 2380 ut
381 2311 568 2392 Mercurius,
588 2312 662 2401 quia
682 2311 851 2378 mercibur
872 2327 1006 2401 praeeat,
1028 2315 1128 2381 Liber
1146 2338 1166 2381 ι
1188 2316 1296 2384 etber-

176 2411 261 2463 tate.
303 2399 448 2467 Fuerunt
469 2398 562 2464 etiarn
589 2398 699 2466 etvini
722 2398 836 2474 sotter,
866 2413 921 2466 aut
949 2399 1073 2467 urbium
1101 2399 1295 2484 conditores,

177 2483 289 2570 quibua
311 2484 440 2549 mortuis
468 2482 628 2561 homines,
680 2483 710 2548 ui
737 2504 795 2548 eor
818 2481 1009 2562 dilexerunt,
1040 2484 1206 2553 aimulaora
1236 2490 1296 2555 lin·

136 2578 308 2649 nonerunt,
330 2581 365 2635 ut
385 2564 540 2634 haberent
559 2506 685 2654 aliquoi
706 2589 746 2633 ex
767 2567 941 2654 imaginum
961 2569 1224 2674 contemplatione
1242 2597 1294 2640 eo-

177 2652 294 2719 latium.
336 2652 401 2719 Hio
421 2674 512 2718 error
533 2654 684 2739 posteris,
705 2651 894 2720 daemonnm
911 2677 1075 2743 persuasu,
1094 2657 1228 2744 irrepsit.
1248 2669 1294 2738 ut,

178 2761 257 2827 quos
278 2737 319 2804 illi
340 2759 399 2826 pro
420 2736 487 2804 oola
505 2737 637 2804 nominis
653 2738 803 2803 memoria
821 2739 1061 2818 honoraverant,
1083 2742 1200 2829 posteri
1215 2742 1295 2810 deos

178 2824 380 2890 aestimarent
398 2833 432 2890 et
455 2820 604 2890 colerent
646 2822 748 2909 Stoici
769 2820 895 2903 dieunt,
929 2847 990 2890 non
1019 2847 1091 2892 ease
1119 2827 1177 2893 nisi
1199 2850 1295 2896 unum

178 2909 273 2976 ‹leum
296 2920 331 2977 et
351 2930 444 2974 unam
465 2906 575 2987 deam,
598 2905 775 3009 eademque
796 2931 867 2975 ease
887 2922 1060 2996 potestate3
1087 2910 1141 2997 qui
1164 2934 1223 3000 pro
1244 2937 1296 2980 ra-

136 2995 264 3062 uotione
277 2994 453 3061 officiorum
470 3006 504 3061 et
516 3003 644 3061 actuum
659 2994 750 3058 varim
764 2994 938 3061 nominibus
954 2994 1157 3083 appellantur.
1189 2998 1296 3066 Deum

179 3078 314 3144 eundem
335 3078 459 3156 Solem,
479 3074 614 3144 eundem
636 3076 805 3152 Liberum,
826 3077 963 3145 eundem
983 3078 1152 3166 Apollinem
1172 3095 1297 3148 vocant.

179 3164 259 3237 Item
279 3163 370 3229 deam
393 3161 525 3228 eandem
547 3162 690 3241 Lunam,
721 3160 855 3229 eandem
883 3164 1040 3242 Dianam,
1070 3163 1202 3233 eandem
1231 3169 1297 3232 Ce-

179 3271 302 3328 rerem,
323 3245 456 3313 eandem
475 3248 652 3327 Junonem‚
672 3247 807 3313 eandem
827 3249 1050 3338 Proserpinam
1070 3248 1187 3320 diouut
1227 3252 1297 3318 Nu-

179 3334 264 3399 mina
284 3345 390 3400 autem
410 3333 573 3424 utriusque
592 3353 687 3401 rexne
708 3333 960 3416 emendemur,
991 3332 1065 3402 ideo
1094 3337 1167 3423 quia
1193 3336 1297 3406 ineur-

138 3434 279 3509 auporea
298 3428 381 3486 aunt.

554 3582 591 3659 l.
645 3585 921 3661 Saturnus.

266 3719 422 3784 Saturnus
451 3712 541 3779 Caeli
567 3711 616 3778 nel
645 3710 782 3779 Polluria
808 3712 907 3790 liius,
943 3716 1023 3804 Opis
1052 3716 1181 3784 maritus
1209 3718 1299 3797 deae,

182 3804 297 3881 senior,
318 3803 420 3868 velato
443 3798 557 3885 capito,
581 3797 690 3864 falcem
715 3798 818 3864 serene
832 3799 980 3889 pingitur.
1024 3801 1181 3869 Saturnus
1202 3803 1211 3868 i
1239 3803 1302 3869 itur

185 3892 246 3955 uim
267 3889 354 3954 Jovia
376 3887 488 3953 timens
517 3886 558 3948 ab
579 3883 715 3973 Olympo
744 3885 823 3970 linge
853 3883 977 3971 lapsus.
1012 3887 1131 3975 primus
1159 3826 1301 3955 initalia

143 3997 320 4061 asregnnm
341 3970 490 4050 obtinuit;
513 3989 615 4054 genus
639 3967 774 4033 indocile
802 3970 1022 4058 montibusque
1044 3970 1227 4074 dispersum,
1257 3973 1302 4037 lo-

186 4082 246 4146 ges
268 4057 392 4134 dando,
414 4053 609 4141 composuit3
630 4052 839 4140 Latiumque,
884 4056 934 4119 uia
956 4068 1042 4123 tutus
1063 4058 1106 4122 itn
1128 4058 1303 4130 latuisset,

186 4144 322 4210 uocauit:
354 4140 438 4208 unde
464 4152 497 4205 et
518 4136 618 4203 uelato
639 4138 743 4225 capite
762 4077 984 4223 quaaiiatena
1006 4142 1154 4291 piupitnr.
1204 4142 1303 4207 Hunc

186 4243 311 4312 autem,
333 4227 406 4316 quia
426 4245 484 4313 per
505 4245 649 4290 annonae
671 4224 948 4311 praerogationem
970 4248 1055 4315 popu
1068 4250 1103 4293 oa
1125 4223 1167 4293 ad
1187 4249 1223 4294 re
1239 4239 1304 4295 tra·
