2692 4762
320 221 500 324 myram.
528 222 599 296 111.
655 217 719 295 ta.
746 274 748 278 .
772 216 909 338 ¹·‚·²·
1109 225 1192 301 aaa

66 404 282 503 poemtentiae
312 415 449 469 mentem
482 401 603 491 pungit
657 401 800 469 Primum
822 402 910 486 ‘ergo
938 397 968 464 in
998 407 1108 478 ambre
1143 418 1192 470 est

66 489 234 569 inchoare,
266 489 442 556 secundum
479 489 631 577 explere,
661 487 788 555 tertium
822 484 866 551 de
901 483 1031 550 crimine
1059 503 1190 575 peracto

66 574 239 660 poenitere.
281 575 325 641 Et
344 585 449 663 potest
469 571 675 661 hocquisqae
695 594 753 640 sea
795 591 832 636 er
852 578 973 636 aetates
994 571 1191 659 distinguere

67 680 126 722 seu
148 660 179 723 in
201 656 339 748 quolibet
360 659 530 725 concubitu
552 669 713 725 annotare.
763 593 858 731 duod
880 666 996 731 ,autem
1018 656 1188 726 Chimaera

66 765 206 809 amorem
228 742 395 831 designet,
415 744 515 810 innuit
535 744 689 810 Horatius
709 739 752 809 ed
772 750 928 810 amantem
948 739 1075 809 dicens:
1173 752 1212 825 'b

156 827 192 894 V
193 829 231 892 ix
252 829 434 915 illigatam
455 839 489 893 te
509 827 666 915 triformi

235 912 395 999 Pegasus
415 911 571 999 expediet
592 912 785 977 Chimaera.

66 995 196 1061 Servius
230 1007 335 1062 tamen
365 999 427 1062 hoc
456 994 498 1060 ad
518 996 678 1063 historiam
710 1008 761 1062 tor
782 1003 845 1062 oct
898 994 1045 1077 Revera,
1079 994 1189 1083 inquit,

65 1080 238 1146 Chimaera
258 1105 348 1148 mons
382 1080 512 1148 Ciliciae
543 1094 608 1160 est,
650 1080 739 1169 cujus
761 1017 864 1148 hodie
898 1080 990 1148 ardet
1015 1102 1188 1153 cacurnear

60 1165 153 1253 juxta
174 1189 326 1232 cacumen
349 1189 423 1232 nero
444 1166 551 1233 leones
571 1168 756 1243 mansitantt
793 1163 898 1231 media
931 1178 1036 1233 autem
1069 1188 1231 1253 pascuam

64 1262 159 1330 sunt;
191 1252 253 1316 ima
274 1274 348 1317 vero
370 1252 566 1338 serpentibus
593 1264 668 1320 aunt
709 1251 788 1316 lena.
830 1250 928 1317 Hunc
955 1263 1091 1319 montem
1113 1251 1187 1317 Bel-

64 1334 215 1422 lerophon
239 1337 437 1403 habitabilem
458 1337 551 1418 l'eeit3
575 1337 661 1403 unde
682 1275 882 1405 Chimaeram
897 1335 1188 1403 dicituroccidisse.

64 1422 161 1485 llanc
181 1421 255 1487 satis
278 1436 406 1508 aperte,
429 1420 488 1488 sed
510 1422 670 1502 fabulose,
691 1420 842 1488 describit
863 1420 1014 1499 Ovidius,
1038 1422 1164 1487 dicens:

151 1504 291 1592 Quoque
313 1507 497 1572 Chimaera
520 1509 628 1594 jugo,
659 1506 784 1571 mediis
816 1506 855 1570 it
873 1504 1036 1603 partibas
1056 1507 1184 1592 iguem,

150 1592 280 1654 Pectus
301 1600 335 1655 et
354 1613 416 1654 ora
436 1591 527 1670 leae,
559 1590 708 1656 caudam
727 1599 899 1677 serpentes
918 1587 1073 1656 lmhehat.
1192 1623 1227 1672 15

268 1725 334 1801 15.
394 1728 647 1804 Duodecim
682 1727 796 1802 caeli
832 1728 980 1825 signa.

148 1846 178 1912 l.
219 1846 400 1914 Duodecim
415 1858 489 1915 aunt
508 1848 601 1933 signa
622 1844 718 1924 caeli,
753 1844 872 1912 scilicet
901 1846 1011 1923 Aries,
1045 1845 1184 1924 Taurus,

63 1930 205 2009 Gemini,
227 1934 370 2010 Cancer,
393 1931 482 2012 Leo,
503 1934 626 2020 Virgo,
653 1932 771 2008 Libra,
798 1929 952 2016 Scorpio,
981 1931 1183 2019 Sagittarius,

62 2018 289 2104 Capricornus,
312 2016 464 2106 Aquarius
486 2028 519 2084 et
532 2018 652 2084 Pisces.
693 2015 841 2105 luppiter
883 2017 969 2082 enuit
985 2039 1024 2081 ex
1046 2016 1226 2104 quadamao

60 2102 211 2190 Nympha
246 2103 429 2191 Nephelen,
461 2125 556 2191 quam
589 2102 754 2180 Athamas,
777 2121 841 2177 ¹rex
905 2102 1062 2180 hebenus,
1095 2101 1184 2168 duxit

59 2209 213 2261 uxorem,
247 2211 284 2253 ex
313 2211 376 2277 qua
405 2189 517 2274 genuit
536 2187 689 2254 Phrixum
722 2198 755 2254 et
780 2180 903 2251 Hellen.
955 2187 1028 2260 Qua
1058 2200 1183 2255 mortua

60 2271 110 2336 his
133 2270 317 2359 superduxit
343 2273 493 2353 Inonem,
525 2273 616 2338 liliam
640 2270 770 2350 Cadmi,
809 2292 893 2358 quae
913 2293 1002 2337 more
1027 2294 1184 2338 novercae

58 2379 145 2513 zeus
179 2357 254 2421 odio
283 2358 392 2424 habuit
418 2360 450 2423 in
478 2354 618 2438 tantum,
650 2356 736 2447 quod
765 2353 927 2421 dedomo
954 2358 1065 2443 expelli
1097 2358 1179 2426 fecit

93 2443 123 2506 ui
145 2464 242 2529 quum
264 2442 304 2509 ad
327 2464 415 2508 mare
435 2445 669 2531 pervenissent,
697 2440 845 2527 iuppiter
878 2463 962 2508 avus>
976 2442 1038 2516 rel,
1072 2455 1108 2508 ut
1128 2444 1221 2508 alites

58 2526 186 2602 dicunt,
205 2526 263 2593 Isis
286 2540 454 2594 matertera
477 2527 567 2595 dedit
582 2528 619 2594 iis
640 2528 769 2592 arietem
791 2547 921 2592 aureum
944 2525 1037 2591 vellus
1058 2527 1178 2593 haben-

59 2622 140 2689 tem,
163 2633 226 2699 quo
248 2615 489 2681 transfretarent
510 2636 597 2680 mare
617 2614 680 2678 hoc
722 2624 805 2688 acto,
826 2632 866 2677 ne
887 2622 972 2678 retro
992 2613 1178 2698 aspicerent.

58 2696 153 2761 Helle
185 2719 259 2762 vero
288 2711 325 2764 ut
348 2700 545 2764 incontinens
574 2711 606 2765 et
633 2635 741 2764 timida
762 2706 847 2761 retro
865 2696 1002 2784 aspexit,
1040 2696 1179 2764 undeet

55 2779 88 2843 in
122 2801 209 2846 mare
234 2804 338 2848 mersa
367 2795 425 2850 est.
478 2783 559 2848 Inde
594 2780 890 2868 Hellesponticum
932 2801 1022 2846 mare
1055 2780 1177 2848 dicitnr.

56 2864 192 2930 Phrixus
216 2868 370 2946 transivit,
404 2868 532 2935 arietem
555 2867 740 2942 excoriavit,
771 2866 890 2930 corium
919 2885 998 2932 auro
1029 2865 1219 2954 implevitto

57 2964 91 3016 ct
121 2950 213 3016 Marti
242 2952 272 3015 in
304 2952 426 3019 Colcho
454 2955 553 3020 insula
591 2951 756 3016 dedicavit.
806 2950 894 3016 Caro
922 2971 996 3014 vero
1025 2950 1176 3018 translata
1211 3029 1217 3041 ·

55 3037 155 3099 estin
178 3038 317 3118 caelum,
354 3054 386 3104 et
414 3061 451 3102 ex
482 3062 520 3106 ea
543 3038 660 3102 iactum
682 3049 730 3103 est
751 3034 876 3121 signum
897 3033 1053 3115 caeleste,
1088 3036 1175 3125 quod

54 3119 145 3185 Aries
166 3119 298 3187 dicitur.'
332 3121 385 3189 Et
421 3124 487 3202 uia,
522 3144 619 3210 quum
647 3123 704 3188 luit
732 3120 764 3185 in
792 3120 899 3198 litore,
928 3134 1015 3186 retro
1043 3123 1175 3209 aspeilt,

54 3216 214 3292 tamqnam
247 3206 352 3273 rolens
422 3207 500 3274 ellcn
533 3205 656 3286 videre,
696 3205 769 3271 ideo
797 3204 844 3271 sic
862 3203 893 3270 in
916 3203 1005 3270 caelo
1034 3220 1176 3294 apparet.

53 3288 192 3378 Physice
201 3290 316 3357 dicitnr
327 3315 399 3357 esse
410 3294 456 3359 sol
467 3294 498 3359 in
511 3295 626 3367 Ariete,
647 3292 720 3379 quia
735 3289 849 3355 vernali
862 3290 1060 3376 aequinoctio
1073 3313 1174 3379 nsque

53 3372 96 3439 ad
109 3377 287 3441 autumnale
300 3378 399 3444 currit
413 3400 472 3480 per
486 3377 628 3445 dextrum
638 3376 717 3442 latus
731 3375 967 3462 hemisphaerii;
987 3376 1070 3443 sicot
1083 3379 1172 3444 Aries

53 3482 178 3546 semper
190 3461 239 3525 illo
253 3472 397 3547 tempore
413 3465 564 3531 incumbit
576 3465 607 3528 in
624 3463 768 3528 dextrum
783 3461 874 3527 latus.
915 3459 961 3527 Et
974 3461 1055 3528 sicut
1069 3462 1116 3528 sol
1131 3464 1214 3537 abes

52 3547 221 3612 autumnali
231 3548 429 3633 aequinoctio
445 3549 597 3637 usquead
608 3547 733 3613 vernale
744 3546 828 3611 vadit
842 3567 899 3648 per
910 3545 1066 3612 sinistrum
1079 3546 1172 3629 latus,

51 3630 99 3694 sic
118 3633 206 3697 Aries
226 3655 353 3718 semper
372 3634 421 3698 illo
443 3647 588 3722 tempore
606 3634 758 3699 incumbit
777 3633 809 3697 in
829 3631 985 3697 sinistram
1006 3630 1095 3699 latus.

135 3718 164 3781 2
207 3719 351 3802 Agenor,
371 3742 426 3784 rex
449 3721 581 3809 Lydiae,
602 3721 656 3806 qui
678 3731 711 3784 et
731 3719 762 3782 in
786 3717 875 3807 'Pyro
898 3728 932 3781 et
953 3715 1073 3782 Sidone
1096 3739 1170 3823 reg-

50 3799 144 3874 navit,
165 3800 257 3890 liliam
281 3803 389 3869 hahuit
409 3805 559 3872 mirilicae
585 3804 714 3878 formae,
734 3805 857 3868 nomine
881 3801 1053 3888 Europam,
1074 3825 1169 3888 qtrrrm

48 3885 197 3972 Juppiter
214 3887 245 3951 in
260 3878 367 3974 specie
382 3893 505 3957 candidi
518 3890 598 3958 tauri
617 3889 728 3976 rapuit
765 3889 857 3954 Unde
869 3896 979 3974 postea
996 3886 1026 3950 in
1041 3888 1166 3971 signam
1179 3910 1209 3956 to

49 3970 176 4036 honoris
186 3984 292 4037 taurus
307 3975 473 4042 translatus
492 3991 540 4043 est
562 3977 592 4040 in
606 3975 737 4053 caelum,
757 3989 837 4039 etex
855 3996 894 4037 eo
910 3972 1025 4037 laetum
1042 3973 1165 4056 signum

47 4055 134 4142 quod
155 4057 271 4122 dicitur
292 4058 428 4126 Tauros.
471 4064 526 4127 Alii
550 4060 675 4140 dicunt,
697 4061 782 4148 quod
806 4061 864 4125 luit
883 4077 996 4130 vacca,
1024 4057 1054 4120 in
1077 4057 1165 4142 eujus

48 4143 148 4205 l'orma
173 4143 229 4208 l'uit
248 4144 298 4215 lo,
320 4145 380 4211 lilia
398 4147 507 4214 Inachi
529 4147 630 4226 lluvii,
674 4167 734 4211 uae
754 4145 902 4212 translata
923 4151 972 4206 est
992 4141 1021 4204 in
1041 4144 1161 4205 eaelum

45 4226 76 4290 in
100 4229 227 4313 signum
249 4231 364 4297 amoris
390 4232 486 4298 Jovis.
536 4230 631 4299 Unde
651 4171 783 4299 hvidius
810 4232 841 4298 in
863 4227 1119 4314 Metamorphos:
