2640 5130
149 573 229 650 rso
443 571 626 694 nystage-
651 573 705 648 ιι.
759 570 852 647 sss.
881 570 978 648 eoo.

149 755 275 826 cemodi
297 757 397 847 siguis
416 767 558 827 utuntur.
598 753 819 848 Ganymedem
836 778 914 824 vero
932 757 1090 840 bellando,
1111 760 1160 827 his
1180 760 1278 847 signis

150 845 393 933 praeeuntibus,
424 843 546 931 rapuit3
578 843 663 911 sicut
683 843 847 932 Europam
865 843 899 909 in
919 855 1011 911 tauro
1044 848 1191 936 rapuisse
1214 848 1276 911 ser-

148 944 220 1011 tnr,
239 926 272 996 id
292 942 342 998 est
359 926 392 996 in
412 927 510 1010 nari,
531 927 615 998 tauri
635 928 790 1020 picturam
809 927 956 996 habente.

62 1172 68 1183 ,
152 1074 158 1109 ¹
370 1090 465 1170 199.
524 1094 752 1170 Hercules
784 1107 833 1170 et
873 1075 1031 1196 Hylas.

122 1233 141 1282 ὁ
232 1221 396 1303 Herculea
421 1243 519 1312 quum
550 1244 658 1291 comes
686 1221 879 1310 Argonautis
909 1220 1115 1303 accessisset,
1145 1220 1275 1311 Hylam,

146 1306 397 1382 Theodamantis
435 1308 551 1388 lilium,
598 1307 806 1378 admirandae
842 1305 1081 1395 pulchritudinis
1116 1305 1275 1397 juvenem,

146 1415 256 1461 secum
278 1392 368 1462 duxit
387 1394 590 1482 armigerum
631 1391 722 1460 Idem
742 1413 864 1459 remum
887 1392 937 1457 lre
961 1393 1037 1462 itin
1058 1393 1153 1467 mari,
1194 1393 1272 1460 dnm

147 1500 206 1568 pro
233 1479 298 1549 suis
329 1478 466 1567 remigat
492 1479 618 1546 viribus.
675 1478 777 1570 Cujus
805 1415 973 1566 reparandi
999 1477 1105 1565 gratia
1136 1476 1272 1566 Mysiam

147 1577 280 1653 petens,
302 1563 407 1634 silrarn
430 1564 530 1632 sertin
550 1564 722 1666 ingressus
772 1563 874 1652 Hylas
900 1586 975 1629 vero
998 1584 1094 1651 quum
1120 1576 1272 1649 aquatum

104 1659 322 1716 10cnmuma
347 1648 554 1737 perrexisset,
583 1671 616 1714 ιιι
646 1648 775 1714 flurium
807 1645 940 1726 cecidit;
973 1647 1057 1713 unde
1077 1670 1097 1714 a
1117 1647 1271 1736 Nymphis

143 1748 255 1825 raptus
292 1756 364 1801 esse
392 1732 516 1801 dicitur.
578 1732 683 1808 Quem
715 1732 790 1799 dnm
827 1732 984 1800 Hercules
1018 1753 1191 1821 quaerens,
1230 1736 1272 1799 ab

145 1819 338 1907 Argonautis
358 1831 553 1907 segregatus
576 1830 679 1892 osset,
706 1817 738 1882 in
766 1818 868 1907 Mysia
898 1829 948 1884 est
966 1815 1102 1886 relictus.
1152 1818 1273 1884 Postea

145 1924 242 1992 qnam
262 1903 426 1993 cognitum
444 1915 559 1984 essct,
589 1905 623 1970 in
649 1903 739 1970 fonte
771 1924 845 1970 enrn
874 1904 1012 1991 perisse,
1050 1912 1168 1970 statuta
1199 1915 1274 1971 sunt

145 1991 176 2056 ei
196 2011 307 2071 sacra,
327 1989 361 2055 in
407 1988 497 2059 uibus
517 2004 587 2056 mos
611 1988 726 2068 suerat,
747 1998 783 2055 nt
803 2009 917 2053 nomeu
939 1987 1007 2079 ejus
1025 1987 1214 2055 clamaretur
1239 1990 1273 2054 in

102 2075 311 2142 asmontibus.
361 2012 539 2161 Adonem
572 2073 776 2141 imitationem
806 2073 956 2160 Virgilius
989 2070 1083 2140 dicit:
1114 2082 1156 2137 nt
1184 2072 1274 2136 lituo

142 2160 242 2248 Hyla
270 2157 369 2247 Hyla
389 2179 487 2224 omne
516 2169 664 2224 sonaret.
711 2156 886 2237 Hercules,
913 2156 1039 2246 perdito
1067 2156 1169 2248 Hyla,
1200 2169 1273 2258 post

58 2273 61 2282 ¹
140 2255 346 2333 peragratam
366 2242 499 2332 Mysiam
521 2243 660 2311 Colchos
680 2265 836 2332 pergens,
866 2244 996 2310 navibus
1024 2243 1109 2310 venit
1129 2242 1272 2331 Troyam.

142 2333 169 2396 A
200 2329 290 2418 cujus
321 2342 420 2428 portu
457 2349 554 2415 quum
590 2350 662 2395 enm
697 2327 902 2408 Laomedon,
945 2350 1002 2394 rex
1044 2327 1269 2428 Troianorum,

143 2428 283 2493 arceret,
304 2412 459 2479 simulavit
479 2414 679 2487 abscessum,
702 2427 735 2480 et
755 2437 775 2479 a
797 2413 1012 2500 promontorio
1032 2413 1162 2501 Troyae,
1183 2413 1270 2499 quod

100 2511 276 2588 eapropter
296 2498 364 2586 ejus
384 2497 630 2564 taciturnitatem
651 2499 826 2600 Sigeum
847 2499 965 2565 dictum
997 2508 1047 2565 est
1072 2498 1163 2584 (narn
1194 2498 1272 2585 σιγὴ

140 2583 322 2648 silentium
338 2581 481 2668 dicitnr),
500 2582 633 2674 Trojam
654 2605 693 2650 ex
714 2584 881 2674 improviso
906 2585 997 2661 venit,
1015 2583 1125 2649 urbem
1146 2604 1270 2670 expug-

141 2667 241 2749 narit,
273 2666 527 2734 Laomedontem
547 2690 659 2755 regem
681 2669 856 2748 interfecit,
887 2670 1019 2772 ejusque
1038 2668 1132 2735 filiam
1153 2668 1270 2734 Hesio-

141 2774 230 2833 nem,
244 2752 320 2843 jnre
339 2751 411 2820 belli
432 2753 604 2835 sublatam,
626 2755 731 2822 comiti
751 2753 933 2831 Telamona,
955 2753 1141 2841 qniprimus
1159 2775 1271 2819 ascen-

140 2838 233 2906 derat
252 2859 392 2920 mnrnm,
419 2837 559 2906 tradidit
604 2838 700 2906 Unde
728 2851 777 2906 est
797 2851 889 2907 natus
911 2839 1051 2905 Teucer.
1093 2838 1177 2904 Nam
1198 2840 1271 2928 Aja-

97 2932 212 2990 2⁵cem
242 2945 282 2990 ex
309 2922 369 2990 alia
397 2934 522 2992 constat
548 2947 621 2990 esse
647 2936 765 2992 natum.
808 2925 904 2991 Tunc
930 2925 1087 2991 Hercules
1107 2923 1270 2991 Priamum

140 3007 287 3096 quidem,
309 3007 485 3077 redemtum
504 3030 527 3075 a
545 3007 653 3076 vicinis
674 3009 833 3090 hostibus,
852 3010 884 3076 in
928 3021 1037 3076 aterno
1059 3032 1094 3075 re
1121 3030 1161 3073 no
1183 3008 1270 3076 loca·

140 3096 191 3162 vit.
238 3093 487 3184 Posteaquam
520 3096 707 3164 excessisset
738 3093 859 3162 crisis
923 3094 1063 3170 crcules,
1137 3093 1266 3175 riamus,

139 3179 244 3248 volens
270 3190 417 3282 repetere
441 3201 601 3261 sororem,
634 3180 801 3269 profectus
826 3192 875 3248 est
899 3203 973 3245 curn
1002 3179 1117 3267 legatis
1136 3179 1271 3248 Salami-

139 3281 232 3346 narn,
262 3266 317 3331 uhi
338 3268 503 3333 mactabat
531 3265 613 3331 illam
631 3287 780 3354 regnare.
822 3270 864 3333 At
884 3265 1010 3331 minime
1030 3287 1102 3331 cam
1123 3279 1271 3352 repetere

96 3351 250 3428 aovaluit,
292 3352 426 3418 Graecis
455 3350 649 3429 dicentibus,
689 3374 725 3418 se
749 3351 825 3441 jure
854 3351 1005 3416 bellorum
1036 3372 1107 3415 carn
1137 3349 1267 3415 hahere.

140 3437 234 3503 Unde
255 3434 353 3503 iratus
373 3435 520 3504 Priamus
544 3435 626 3503 misit
645 3435 796 3504 Paridem
816 3458 888 3502 curn
911 3435 1068 3513 exercitu,
1090 3445 1127 3500 ut
1147 3434 1266 3522 aliquid

137 3521 199 3587 tale
228 3518 419 3601 abduceret,
452 3534 507 3588 aut
534 3543 665 3587 uxorem
687 3522 775 3609 regis
796 3533 851 3589 ant
876 3520 981 3589 filiam.
1024 3519 1088 3592 Qui
1107 3520 1139 3586 in
1161 3521 1267 3585 Grae·

137 3607 218 3672 ciam
239 3605 383 3685 veniens,
412 3605 611 3694 interpellare
634 3607 741 3693 coepit
760 3607 932 3686 Helenam,
962 3604 1097 3671 Menelai
1122 3626 1265 3671 uxorem.

11 3752 17 3762 .
137 3690 231 3765 Quae
251 3711 348 3778 quum
368 3689 398 3757 ci
419 3693 596 3759 consentire
625 3691 794 3770 noluisset,
828 3713 978 3779 egressus
1008 3689 1076 3767 illc,
1107 3689 1266 3758 civitatem

94 3784 130 3837 ³⁵
139 3774 274 3843 obsedit.
316 3775 391 3850 Qua
411 3797 540 3857 eversa,
561 3775 717 3842 Helenam
737 3776 859 3863 rapuit;
879 3774 965 3842 unde
985 3787 1095 3863 postea
1115 3797 1136 3840 a
1152 3774 1266 3842 marito

135 3860 233 3949 recipi
266 3860 389 3926 meruit.
448 3861 525 3926 Hoc
557 3860 666 3927 dolore
700 3862 850 3928 commoti
885 3862 1022 3941 Graeci,
1059 3860 1266 3959 congregatis

135 3947 311 4034 quibusque
332 3943 466 4013 sortibus
487 3945 576 4025 viris,
604 3946 737 4036 Trojam
766 3945 977 4031 obsederunt,
1007 3955 1039 4013 et
1060 3941 1185 4012 decimo
1208 3944 1266 4012 de-

136 4054 220 4100 mum
243 4053 327 4098 auno
349 4041 616 4121 expugnaverunt
642 4075 647 4084 ·

474 4192 570 4269 200.
624 4190 921 4297 Amymone.

94 4331 145 4428 ⁴⁰·
220 4327 404 4415 Amymone,
424 4321 528 4390 Danai
548 4322 620 4401 filia,
641 4320 716 4423 dum
738 4321 880 4390 studiose
892 4322 924 4387 in
939 4322 1039 4432 insula
1050 4332 1266 4426 exerceretur,

136 4411 323 4563 '‘lllltlt
345 4412 494 4563 llll
519 4419 694 4579 llltttlr
723 4410 962 4561 llllmtffllt
989 4408 1265 4581 hillidii?

137 4523 251 4670 iugatd
279 4518 423 4672 Satyro?
447 4580 515 4668 ipse
545 4578 739 4667 compressit.
788 4578 839 4647 Ex
869 4599 932 4666 quo
962 4600 1070 4647 amore
1096 4592 1188 4648 natus
1217 4543 1267 4648 ead
