2640 5130
161 618 241 697 186
472 619 653 723 dipthogr.
689 616 780 695 111(
814 621 854 694 6.
907 619 973 696 21.
1056 706 1062 718 ⁸

161 822 247 892 quae
272 800 478 870 moralitatem
498 825 628 892 pravam
653 799 836 882 concilient,
857 799 1005 890 physicas
1026 822 1101 871 rero
1122 801 1286 892 opiniones

162 889 288 956 minime
318 890 450 975 sapiant
509 887 608 963 Quod
644 910 718 952 vero
754 884 914 953 introitum
951 887 1125 955 interorum
1158 887 1286 954 cuilibet

162 986 274 1042 noctes
300 985 395 1059 atque
416 971 484 1038 dies
505 986 632 1062 patere,
656 973 772 1038 exitum
793 970 1044 1039 verodillicilem
1059 994 1131 1041 esse
1140 971 1286 1060 legimus,

161 1070 218 1124 aut
239 1059 365 1146 politice
384 1055 502 1123 dictum
531 1070 597 1135 est,
631 1070 686 1124 aut
716 1058 758 1122 nb
786 1055 908 1124 illorum
936 1057 1083 1158 opinione
1109 1056 1286 1135 descendit,

136 1142 215 1229 oqui
245 1165 354 1208 ornnes
384 1141 502 1208 animas
530 1141 726 1208 descendere
753 1139 881 1228 quidem
906 1152 940 1208 et
965 1142 1160 1231 incorporari
1177 1165 1284 1230 posse,

162 1229 244 1292 bene
271 1227 434 1293 viventium
466 1248 540 1292 vero
569 1227 687 1293 animas
714 1225 892 1312 superiores
916 1225 1069 1306 circulos,
1101 1226 1137 1294 id
1163 1238 1215 1295 est
1241 1225 1283 1293 ad

160 1310 207 1376 ori
232 1311 315 1376 'nem
336 1333 425 1377 stram
449 1311 539 1377 facile
560 1311 681 1389 redire;
703 1309 790 1399 quod
801 1309 954 1399 Pompejo
968 1312 1109 1378 attribuit
1120 1311 1281 1378 Lucanus.

159 1395 245 1462 Mae
273 1397 438 1462 virentium
467 1410 572 1463 sutem
601 1398 716 1464 diutius
744 1396 775 1461 in
801 1395 850 1461 his
879 1416 937 1483 pro
966 1397 1141 1464 mutatione
1161 1395 1284 1462 diuersa

161 1481 346 1547 commorari
369 1484 573 1570 corporibus,
602 1494 635 1550 et
657 1482 704 1548 sic
725 1478 811 1568 apud
832 1481 953 1546 interos
973 1503 1100 1575 semper
1120 1504 1191 1548 esse
1210 1502 1284 1547 eon·

121 1563 301 1633 1⁰tendunt.
335 1565 428 1632 Solos
450 1568 531 1653 enim
554 1589 652 1655 saepe
670 1564 774 1632 redire
791 1587 888 1666 posse
908 1565 1007 1633 innuit
1022 1566 1182 1653 Virgilius,
1203 1586 1281 1653 quoa

161 1647 262 1735 diligit
290 1652 456 1739 Juppiter,
487 1653 550 1720 hoc
578 1665 646 1730 est,
679 1673 759 1739 quos
791 1671 823 1715 ιιι
853 1661 926 1716 ortu
958 1650 1115 1738 benignus
1145 1649 1282 1719 siderum

159 1748 307 1824 aspectus
327 1735 465 1804 irradiat
507 1735 600 1804 Unde
620 1734 796 1804 Juvenalis:
864 1774 870 1784 ·

709 1820 821 1884 rlistnt
848 1819 942 1884 enim
961 1840 1048 1905 pune

245 1903 370 1969 Sidera
393 1913 427 1967 te
446 1904 623 1991 excipiant
643 1905 741 1969 modo
756 1901 889 1990 primos
908 1903 1095 1991 incipiente

119 2002 154 2052 15
242 1988 356 2054 Edere
380 1986 525 2074 vagitus

182 2094 241 2140 uos
262 2071 429 2162 prudentia
449 2071 608 2148 subierat,
635 2068 753 2148 idest,
781 2093 864 2158 quos
882 2069 1010 2135 ardens
1029 2068 1143 2134 evexit
1165 2067 1215 2134 ad
1232 2067 1282 2133 si·

204 2180 246 2221 ra
265 2157 399 2234 virtus3
428 2168 461 2222 et
489 2155 669 2243 religiosos,
696 2177 777 2242 quos
803 2178 824 2221 a
844 2153 903 2222 diis
924 2154 1051 2241 genitos
1069 2151 1155 2220 dicit.
1196 2153 1282 2220 Cou-

161 2262 297 2331 sequens
318 2241 398 2307 enim
421 2251 487 2318 est,
518 2255 554 2309 ut
580 2238 711 2305 deorum
732 2238 857 2306 soboles
877 2239 1080 2326 religionibus
1100 2248 1202 2304 vacet.

243 2327 296 2392 21.
336 2325 389 2391 De
409 2325 556 2404 Tantalo,
576 2325 630 2413 qui
649 2321 733 2412 apud
752 2324 870 2391 interos
891 2325 1027 2413 punitur,
1054 2322 1153 2390 habet
1166 2318 1281 2399 tabula,

119 2409 248 2498 eoquod
282 2409 519 2476 Corinthiorum
552 2432 607 2475 rex
640 2410 750 2490 suerit,
789 2410 908 2476 amicus
938 2408 1126 2476 numinibus.
1189 2407 1281 2481 Quae

161 2518 257 2582 quum
280 2495 308 2559 fr
351 2505 459 2560 uenter
485 2496 567 2562 susci
591 2508 678 2573 eret,
711 2507 743 2561 et
775 2493 912 2582 quodam
940 2507 1083 2582 ternpore
1108 2490 1283 2558 defuissent

161 2580 290 2668 epulae,
318 2582 338 2644 ti
351 2581 414 2644 'um
443 2601 534 2645 suum
559 2519 711 2667 deiopeia
733 2582 873 2646 occisum
894 2578 953 2646 diis
974 2575 1164 2667 epulandum
1184 2598 1284 2665 appo-

160 2666 232 2731 suit
273 2665 369 2730 Tunc
396 2665 622 2732 abstinentibus
653 2665 773 2731 curretis
802 2667 904 2732 Ceres
931 2665 1094 2730 humerum
1123 2662 1191 2750 ejus
1210 2661 1281 2748 glu-

160 2750 236 2816 rivio
277 2755 317 2816 At
345 2771 440 2836 quum
467 2772 538 2816 euru
563 2749 605 2817 sd
626 2772 758 2837 superos
779 2747 821 2815 dii
842 2773 901 2838 per
919 2750 1110 2816 Mercurium
1131 2767 1284 2813 revocare

118 2833 290 2915 sorellam,
326 2835 483 2900 eburneus
514 2835 542 2900 ei
576 2836 723 2901 humerus
755 2850 804 2901 est
837 2834 1009 2902 restitutus.
1062 2831 1142 2901 Ideo
1177 2844 1282 2900 sutem

161 2919 263 2985 Ceres
292 2918 406 2985 dicitur
433 2920 624 3000 comedisse,
652 2921 725 3008 quia
755 2920 823 3007 ipss
843 2933 893 2987 est
911 2932 1013 2998 terra,
1040 2940 1124 3007 quae
1146 2937 1282 3005 corpora

160 3003 295 3071 resolvit.
336 3004 403 3070 Per
430 3004 621 3071 Mercurium
649 3027 725 3071 vero
751 3004 824 3070 ideo
846 3005 977 3093 tingitur
998 3014 1182 3083 revocatus,
1208 3001 1283 3090 quia

161 3091 283 3178 etipse
304 3103 352 3158 est
373 3090 547 3157 secundum
575 3088 728 3178 quosdam
757 3088 835 3156 deus
864 3090 1065 3178 prudentiae,
1100 3108 1158 3174 per
1188 3108 1284 3174 quarn

160 3174 337 3263 philosophi
364 3175 624 3263 palingenesiam,
658 3174 692 3241 id
726 3187 774 3241 est
808 3175 976 3240 iteratam
1008 3171 1285 3259 generationem,

119 3259 210 3327 torel
229 3255 502 3350 pscsppaipoow,
532 3262 564 3326 id
595 3272 644 3328 est
672 3258 915 3325 transitionem
940 3258 1079 3323 nnirnnc
1108 3253 1285 3344 deprehen-

160 3343 284 3413 derunt
324 3339 438 3415 Πάλιν
468 3367 605 3434 namque
636 3344 779 3421 iterem,
823 3345 950 3430 pinsere
976 3340 1177 3428 generatim
1208 3341 1285 3408 item

175 3426 246 3499 racd
270 3440 380 3504 trans,
399 3426 490 3520 ιιιιιχὴ
509 3433 629 3496 anima
649 3429 883 3515 interpretatur.
923 3425 1077 3494 'Pantalus
1097 3436 1203 3492 autem
1223 3424 1286 3492 hae

159 3458 233 3600 iege
254 3511 341 3601 apud
361 3514 479 3583 interos
500 3515 665 3582 damnatus
694 3513 826 3592 dicitur,
856 3523 892 3579 ut
918 3512 951 3578 in
976 3509 1138 3588 Eridano,
1165 3510 1284 3577 iniero·

159 3623 229 3666 rum
252 3599 363 3673 fluvio,
393 3611 497 3681 stans,
523 3624 627 3690 neque
648 3596 741 3664 undis
765 3599 997 3686 praesentibus,
1018 3618 1079 3661 neo
1100 3595 1206 3663 ricinis
1226 3618 1284 3685 po-

118 3684 266 3752 aamsriis
288 3684 477 3772 perfruatur.
503 3686 569 3752 Per
589 3687 675 3752 huuc
696 3684 794 3769 igitur
812 3683 942 3750 avaritia
963 3681 1158 3770 designatur.
1188 3680 1285 3748 Unde

161 3782 194 3836 et
232 3767 387 3837 Tantalus
415 3769 547 3850 dicitur,
590 3769 676 3859 quod
703 3769 928 3856 interpretatur
961 3767 1127 3832 visionem
1159 3764 1285 3832 volens.

159 3857 279 3920 Avarus
300 3856 424 3962 itaque,
445 3854 567 3922 fruendi
589 3878 647 3922 usu
670 3851 848 3933 destitutus,
869 3874 975 3920 rerum
998 3871 1125 3917 suarum
1144 3850 1284 3939 pascitur

160 3939 289 4005 risione.
346 3940 432 4005 hane
461 3940 653 4020 Eridanum,
679 3938 710 4003 in
739 3963 804 4026 quo
835 3949 922 4005 stare
949 3936 1096 4023 tingitur,
1133 3933 1164 3999 in
1197 3934 1285 4002 caelo

161 4028 275 4091 Aratus
296 4045 368 4088 esse
389 4022 483 4106 dicit,
514 4023 600 4091 haud
621 4024 717 4109 longe
740 4047 759 4089 a
780 4025 889 4109 signo,
917 4022 1001 4112 quod
1024 4022 1138 4086 Oetam
1161 4018 1285 4087 dicitur.

121 4109 230 4176 ⁴⁰Sed
259 4120 291 4175 et
319 4109 350 4172 in
379 4112 471 4177 terris
501 4123 568 4188 est,
595 4111 626 4176 in
648 4109 780 4174 Venetia
802 4109 937 4181 scilicet,
968 4130 1051 4194 quae
1076 4103 1184 4170 ltaliae
1212 4129 1287 4194 pars

161 4206 227 4270 est,
254 4191 427 4282 Padusque
456 4211 596 4262 vocatur.
643 4195 742 4259 Hunc
770 4193 817 4259 alii
846 4193 887 4258 ud
908 4194 1030 4275 interos
1058 4190 1213 4268 tendere,
1236 4192 1287 4256 alii

161 4279 246 4369 apud
275 4279 393 4345 inferos
422 4282 507 4348 nosci
539 4292 572 4346 et
602 4299 621 4343 e
647 4278 738 4345 terris
761 4280 846 4344 exire
866 4277 981 4345 solunt
1021 4275 1114 4349 Quae
1134 4275 1206 4341 ideo
1227 4277 1285 4342 lin·

161 4380 299 4454 guntur.
319 4366 393 4451 quia
413 4364 456 4431 de
474 4364 624 4454 Apennini
646 4377 737 4452 parte
757 4364 872 4442 oritur,
903 4386 985 4450 quae
1009 4371 1132 4450 spectat
1151 4361 1284 4427 interum

162 4474 251 4520 ruere
270 4451 473 4540 Tyrrhenum
493 4452 630 4521 scilicet,
659 4449 745 4535 quod
776 4451 817 4514 ab
843 4447 1009 4515 occidente
1035 4445 1134 4532 cingit
1156 4445 1285 4521 ltaliam,

15 4586 17 4590 -
121 4535 353 4607 castrandum
375 4535 537 4624 usquead
560 4556 728 4624 superum,
757 4533 948 4601 Adriaticum
970 4532 1107 4610 scilicet,
1130 4532 1217 4619 quod
1238 4544 1286 4599 est

161 4623 203 4691 ab
232 4622 362 4690 oriente.
