2640 5130
376 663 556 765 Mythogr.
584 663 655 736 111.
713 661 754 736 d.
809 659 957 736 1-2.
1155 660 1233 736 165

104 852 138 914 in
167 844 296 916 nemore
323 848 487 916 Eirotico
519 869 577 936 per
604 848 765 916 columbas
794 848 900 914 sutura
932 845 1080 914 docuisse
1107 844 1231 926 dicitur,
1289 878 1291 882 ⁴

105 937 180 1024 qnia
207 936 316 1022 lingua
341 874 497 1001 'dhessaia
519 931 687 1009 πελειάδες
707 946 740 999 et
761 933 926 1001 coiumbao
948 945 981 1001 et
1002 931 1231 1003 raticinhnices

105 1033 273 1088 vocantur.
314 1020 441 1086 Dicitur
462 1021 494 1085 in
515 1020 615 1084 Creta
637 1018 790 1098 nutritus,
819 1018 909 1106 quia,
938 1030 974 1087 ut
1000 1018 1044 1087 ait
1065 1017 1230 1098 Salustius,

102 1107 222 1193 primos
244 1107 415 1173 Cretenses
437 1103 623 1190 religionem
644 1115 772 1172 constat
790 1104 956 1172 invenisse.
998 1149 1001 1159 -
1023 1122 1031 1137 ·

518 1305 798 1384 d.duno
1230 1338 1256 1396 a

179 1436 216 1502 d.
258 1435 400 1504 Uxorem
419 1436 500 1520 Jovi,
521 1435 553 1504 id
575 1448 624 1505 est
647 1434 776 1512 aetheri,
796 1435 971 1514 domnam,
992 1431 1025 1502 id
1046 1436 1224 1511 urrerem,

100 1532 137 1589 ut
156 1517 308 1598 diximus,
330 1535 481 1590 statuere.
522 1524 615 1588 Haec
637 1522 791 1588 elementa
813 1522 935 1612 physici
948 1532 1090 1623 utraque
1109 1540 1223 1599 mares,

99 1619 503 1760 caraunus-snt
516 1607 653 1758 tntu
674 1606 857 1757 nun
878 1590 1223 1760 hantunam

98 1777 150 1842 his
172 1739 298 1842 domina
318 1717 507 1855 mdscuiind‚
537 1777 594 1843 iiiis
622 1714 769 1843 seininiria
790 1715 1083 1844 datapconfirmhnt
1124 1776 1263 1845 Hancto

97 1875 206 1928 tamen
227 1860 509 1930 considerationem
581 1868 652 1928 itae
681 1885 699 1927 n
746 1860 895 1948 ligantes,
931 1860 1062 1928 aiterum
1091 1881 1221 1940 marem,

95 1945 229 2013 aiteram
266 1947 412 2013 seminam
446 1970 524 2036 prae
546 1949 639 2015 ’cant
696 1947 776 2013 leo
814 1959 920 2013 autem
952 1945 1044 2034 juxta
1081 1944 1220 2011 'l'oiiium

95 2037 205 2097 aerem
236 2033 467 2112 effeminatum,
496 2032 583 2120 quod
610 2055 650 2099 eo
679 2030 752 2097 nihii
779 2044 829 2097 est
849 2029 989 2110 moihus;
1021 2041 1055 2098 et
1081 2030 1155 2117 quia
1183 2045 1220 2098 ut

95 2117 164 2183 viro
192 2138 343 2198 uxorem,
375 2120 419 2185 ita
440 2118 562 2185 aetheri
583 2121 689 2183 aerem
709 2117 859 2196 subesse,
894 2128 927 2183 et
948 2116 989 2180 ab
1010 2138 1049 2181 eo
1071 2115 1218 2196 calorem,

96 2224 163 2287 quo
198 2201 347 2268 inferiora
382 2205 503 2285 foveat,
547 2201 640 2269 reiuti
667 2223 774 2268 semen
802 2201 834 2267 in
863 2200 1024 2269 matricem
1055 2200 1137 2266 susci
1162 2222 1217 2266 ere
1227 2223 1260 2274 1⁶

95 2287 213 2354 rident.
252 2287 375 2354 Eorum
400 2289 500 2374 igitur
526 2286 709 2374 conjugium
738 2287 878 2375 fingunt,
911 2285 986 2374 quia
1014 2285 1108 2351 etiam
1136 2223 1218 2352 hacc

94 2371 161 2436 duo
182 2371 337 2440 elementa
357 2394 435 2461 prae
455 2373 538 2452 aliis,
570 2384 607 2439 ut
631 2371 784 2451 diximus,
818 2381 893 2438 sunt
919 2369 1024 2439 tenuia
1052 2369 1153 2437 minus
1177 2393 1217 2437 ua

92 2455 306 2524 faeculentiae
327 2457 492 2539 habentia,
520 2458 605 2525 reiut
622 2455 734 2524 iisdem
754 2456 935 2544 parentibus
956 2467 1044 2534 orta,
1068 2455 1131 2522 hoc
1153 2394 1216 2522 iia-

93 2553 193 2621 trom,
223 2541 299 2609 itud
324 2566 415 2622 vcro,
449 2555 483 2610 ut
509 2566 619 2609 sexum
650 2543 680 2608 in
704 2542 853 2631 conjugio
874 2541 1057 2608 attributum
1079 2553 1214 2617 servent

91 2645 157 2692 uon
175 2629 304 2695 tratrem
322 2627 380 2694 sed
396 2650 537 2696 sororem
557 2627 674 2695 dicunt
702 2627 806 2693 Porro
817 2627 975 2692 Junonem
985 2624 1058 2692 ideo
1073 2624 1213 2715 Neptuni
1220 2647 1257 2695 ao

93 2712 221 2800 fingunt
244 2712 422 2790 alumnum,
474 2713 525 2779 uia
555 2710 731 2780 secundum
758 2712 920 2802 physicam
944 2712 1064 2800 spissus
1093 2719 1150 2777 aiio
1174 2736 1214 2778 cx

90 2797 215 2863 marino
234 2797 367 2865 humore
395 2737 569 2866 coniicitur.
611 2796 691 2866 Ideo
712 2808 816 2864 autem
838 2820 915 2864 carn»
931 2796 1215 2886 quotiens-aliquid

93 2897 204 2949 actura
236 2896 305 2962 mr,
336 2884 437 2950 alieno
465 2884 617 2952 inducunt
647 2894 787 2950 utentem
817 2883 949 2962 auxilio,
981 2894 1092 2984 utpote
1117 2883 1214 2961 Aeoli,

92 2967 139 3032 rei
165 2964 278 3046 Iridis,
309 2969 355 3033 vei
383 2969 619 3057 Nymphonem,
648 2968 723 3056 quia
751 2978 863 3033 natura
893 2973 1065 3046 octatius,
1099 2979 1134 3034 ut
1156 2988 1243 3055 per·

90 3076 128 3117 se
155 3051 283 3139 quidem
312 3053 384 3119 nihii
413 3056 515 3120 t'aciat.
548 3049 618 3122 'Ur
649 3054 731 3119 enirn
764 3050 879 3140 aliquid
912 3064 1080 3154 operetur,
1114 3052 1255 3132 alicam

90 3158 217 3225 semper
236 3140 333 3207 utitur
353 3139 589 3228 conjunctione,
618 3150 653 3205 ut
680 3148 861 3219 ventorum,
889 3159 945 3226 qun
975 3138 1075 3204 nubes
1102 3152 1214 3207 creant

92 3232 126 3290 et
151 3222 331 3376 Phimhls'uic
356 3318 391 3374 et
409 3305 546 3386 Itidem,
579 3302 612 3371 id
634 3316 685 3373 est
704 3326 813 3373 arcum
836 3304 934 3386 caeli,
965 3305 1141 3374 ministrnm
1160 3330 1211 3374 as-

114 3402 224 3478 gnant
266 3395 326 3462 Est
345 3403 450 3460 autem
469 3392 530 3459 Iris
548 3393 648 3459 nubes
665 3413 803 3480 aquosa,
826 3391 903 3461 solis
923 3388 1014 3457 radio
1034 3404 1210 3480 penetrata,

88 3474 131 3544 de
150 3499 215 3566 qua
234 3478 398 3566 Virgitios:
1215 3485 1232 3538 a

172 3561 276 3629 Mille
293 3563 434 3628 trahens
451 3558 566 3626 varios
586 3558 730 3627 adverso
750 3559 818 3625 sole
835 3561 974 3626 colores.

87 3644 182 3712 Unde
202 3660 235 3715 et
254 3670 275 3712 e
295 3647 427 3735 regione
447 3642 520 3711 solis
543 3666 609 3710 sem
632 3666 668 3712 er
696 3667 736 3732 ap
760 3657 837 3713 aret.
879 3647 971 3712 Haeo
1000 3646 1209 3716 Thaumantis

86 3730 261 3799 secuudum
280 3732 418 3798 fabulam
437 3729 569 3817 fingitur
622 3731 669 3813 ia3
690 3667 775 3797 unde
795 3745 829 3801 et
839 3728 1068 3799 Thaumantias
1084 3732 1208 3801 dicitur.

85 3815 271 3884 Secundum
306 3818 468 3884 veritatem
499 3836 573 3880 vero
606 3838 627 3881 a
657 3815 807 3883 miraculo
845 3828 878 3884 et
906 3829 1036 3905 stupore
1065 3819 1207 3884 colorum

85 3900 148 3968 hoc
178 3924 293 3969 noman
315 3902 428 3969 sortita
453 3911 510 3966 est
553 3897 752 3987 docpoordr
778 3901 859 3968 euim
881 3901 1010 3968 Graece
1030 3903 1246 3975 mirabilioris

84 3986 210 4056 dicitur.
251 3986 421 4055 varietatis
442 3996 547 4052 autem
568 3985 635 4074 ejus
657 3984 743 4072 juxta
763 3987 806 4076 ph
828 3985 912 4053 sicos
932 3988 1014 4053 haec
1044 3988 1124 4055 ratio
1147 4002 1205 4067 ost,

83 4073 171 4161 qood
201 4094 286 4159 aqua
316 4073 435 4150 teonis,
468 4076 524 4136 aiir
558 4069 679 4137 lucidus
709 4084 742 4139 et
770 4011 869 4139 nuhes
890 4071 1031 4159 caligans
1055 4072 1213 4140 irradiata·

82 4158 187 4225 varios
207 4169 317 4226 creent
330 4158 452 4224 colores
467 4177 598 4223 necesse
612 4168 668 4222 est
698 4157 792 4225 Haec
810 4158 883 4246 quia
900 4157 933 4222 in
941 4164 1015 4224 aere
1029 4172 1161 4248 apparot
1173 4173 1206 4226 et

83 4245 149 4310 aeri
176 4244 272 4324 inest,
306 4241 424 4310 Junoni
452 4241 582 4328 fingitur
609 4240 777 4310 deservire.
828 4243 940 4309 Habet
966 4242 1059 4309 etiam
1089 4242 1205 4321 sahuia,

83 4328 241 4395 Junonem
271 4350 367 4414 quum
399 4348 508 4393 omnes
558 4324 661 4392 cilices
692 4350 766 4396 suas
794 4341 962 4416 persecuta
991 4328 1046 4403 sit,
1088 4329 1246 4417 Majamto

84 4426 190 4480 tumen
212 4410 378 4493 dilexisse;
398 4409 486 4500 quod
508 4411 517 4475 i
543 4434 581 4476 eo
603 4411 751 4512 fingitur,
783 4414 857 4500 quia
879 4434 976 4500 quum
997 4412 1072 4488 Sol,
1096 4436 1206 4480 meuse

84 4498 170 4589 hiajo
187 4500 219 4563 in
232 4498 344 4565 Tauro
366 4497 496 4584 positus,
518 4518 576 4583 per
593 4496 751 4598 Plepades
773 4498 826 4585 qui
846 4498 880 4563 in
897 4519 983 4584 genu
1002 4499 1102 4565 Tauri
1123 4512 1206 4575 sunt,

106 4605 220 4650 uarum
241 4605 303 4649 oua
319 4582 405 4671 Maja
427 4593 492 4660 cst,
512 4583 574 4648 iter
595 4582 707 4659 sacrat,
734 4595 810 4649 tunc
831 4581 913 4648 airis
934 4582 1074 4650 caliditas
1098 4608 1207 4650 verna·

85 4607 166 4737 hius
179 4668 287 4757 piuriis
300 4679 505 4757 temperatur,
523 4678 556 4734 et
569 4665 610 4733 de
626 4668 779 4759 temperie
790 4690 847 4736 suo
858 4668 948 4755 quasi
957 4669 1065 4736 laetari
1078 4669 1209 4738 ridetur.

1235 3490 1253 3538 0
