2640 5130
180 659 268 715 xxlu
513 657 698 719 COMMENT.
724 660 763 717 ΙΝ
786 660 979 722 nortuum

182 835 256 902 hies
277 833 437 899 invaserat
455 829 624 898 liberabat.
669 827 748 895 Erat
769 829 856 897 enim
876 841 984 898 nnnc
1014 832 1218 900 auctorihtis
1230 816 1248 918 ,'
1271 847 1298 900 ιι

180 914 1033 1090 llllll..l‘.“l‘l{‘ll.l¹¹¹¹.ll.l⁰⁰.‘,¹.‘..lll⁹‘32·..
1054 917 1299 1155 &iffi

182 1090 291 1180 coepit
310 1088 426 1155 callide
445 1088 607 1178 quamdo
628 1109 703 1152 cum
724 1088 874 1176 perderet
894 1088 1072 1177 anquirere.
1254 1114 1298 1156 un

181 1180 218 1244 in
254 1198 328 1241 cum
362 1173 487 1255 nullam⁴
515 1195 643 1237 causam
672 1171 857 1256 inveniret,
895 1173 974 1237 duas
1006 1173 1106 1238 falses
1137 1115 1297 1256 conlisixit,

182 1262 309 1329 seilicet
340 1281 416 1324 eum
458 1257 631 1347 impedisse
666 1257 863 1340 delatorem,
901 1258 1141 1325 accusationem
1182 1274 1298 1327 senatus

181 1347 335 1435 scriptam
360 1343 400 1408 ad
422 1367 457 1410 se
479 1343 696 1426 deferentem,
729 1352 762 1407 et
782 1340 905 1408 litteras
930 1344 971 1408 ad
991 1343 1125 1410 Alexim
1150 1343 1296 1412 constan·

180 1429 431 1520 cinopolitannm
463 1429 688 1519 imperatorem
702 1450 769 1529 pro
790 1427 981 1494 liberatione
1004 1429 1053 1494 rei
1072 1429 1228 1518 publicet
1249 1432 1297 1497 ni·

105 1534 110 1546 ·
181 1519 275 1584 sisse.
328 1513 391 1580 His
423 1524 530 1583 autem
562 1512 601 1579 de
623 1536 729 1577 causas
751 1512 822 1577 sinc
849 1514 1051 1580 accusatione
1084 1516 1298 1582 convenientis

223 1623 339 1668 monae
358 1599 547 1664 indefensus
569 1608 602 1663 et
621 1597 738 1663 absens
760 1621 836 1663 rcus
856 1609 907 1664 est
933 1600 1095 1665 iudicatus
1116 1612 1153 1665 et
1176 1600 1297 1692 Papiam

180 1686 366 1758 inexilium
382 1695 432 1750 est
449 1685 621 1774 relegatus.
665 1683 730 1748 llic
745 1706 822 1749 vero
838 1685 1198 1833 suamdprosperitatem
1217 1711 1298 1777 prae·

178 1773 308 1842 teritam
329 1794 438 1838 secum
459 1781 611 1859 reputans
633 1778 667 1833 et
686 1778 889 1856 praesentem
910 1793 928 1833 a
950 1780 1137 1837 versitatena
1161 1773 1296 1838 conside·

180 1883 279 1943 rans,
305 1856 389 1923 vidit
421 1855 563 1945 aliquem
591 1853 699 1919 minus
732 1853 873 1944 peritum
906 1854 1006 1920 simili
1032 1878 1108 1921 casn
1134 1857 1296 1946 usquead

181 1943 436 2036 desperationem
454 1965 550 2030 posse
571 1937 719 2028 deprimi.
765 1937 810 2005 Ut
831 1963 908 2030 ergo
932 1963 998 2029 quo
1020 1964 1055 2005 se
1076 1942 1224 2032 unusqu'

179 2030 361 2101 consolaret
378 2027 531 2110 haberet,
558 2025 587 2091 si
605 2024 713 2113 aliqua
734 2024 908 2090 adversitas
928 2024 1216 2093 commutabilitate
1272 2052 1295 2092 r·

180 2131 277 2184 tunae
306 2112 527 2203 contingeret,
548 2108 806 2201 philosophicam
831 2108 1085 2177 consolationem
1122 2113 1296 2204 composuit

178 2211 237 2273 eto.
269 2210 328 2269 cto.

710 2451 776 2539 11.
811 2404 816 2416 ’

176 2594 207 2649 ln
233 2605 331 2648 sumna
358 2586 449 2659 pagiua
475 2585 625 2654 posterioris
655 2583 829 2638 commentarit
853 2583 943 2639 eadem
974 2601 1065 2643 nanus
1094 2589 1200 2659 scripsit
1222 2591 1294 2644 luae:

178 2665 268 2718 anicii.
294 2661 395 2712 manlii.
419 2657 540 2711 severini.
562 2653 679 2725 patritii.
701 2656 762 2707 oiri.
786 2653 863 2707 clari.
889 2655 1014 2711 illustria.
1039 2654 1128 2714 δοκεῖ.
1153 2660 1292 2714 exconsulis

567 2725 702 2781 ordinarii.
727 2725 792 2779 liber
807 2725 908 2795 incipit.

166 2876 175 2892 ·
259 2840 494 2923 Theodericus,
516 2838 696 2906 Gothorum
709 2828 883 2929 imperator
902 2840 1121 2926 saevissimus,
1145 2845 1290 2913 Romanis

177 2952 305 3020 semper
321 2927 444 2994 invisus
461 2926 535 2991 luit.
580 2924 646 3008 Qui
708 2948 763 2990 um
780 2948 836 2989 eos
851 2926 1039 3015 saepissime
1060 2929 1150 2996 bello
1168 2943 1289 3022 tcmptu

175 3016 297 3119 visset,
320 3014 449 3080 undem
470 3009 589 3113 dpvicit
607 2948 793 3112 etthbmam
818 3009 924 3098 cepit,
954 3011 1066 3116 ibique
1089 3017 1191 3081 multa
1212 3019 1288 3120 neta·

174 3094 851 3270 stauisti-etutrda
864 3098 1289 3283 supradietis:

174 3284 355 3364 peratorem
372 3271 496 3351 colens,
521 3276 676 3370 quantum
697 3264 803 3356 potuit
821 3266 853 3329 ei
874 3266 1014 3353 rostitit,
1038 3269 1230 3362 tandemque
1249 3272 1286 3337 di

175 3359 261 3425 citur
280 3358 367 3447 apud
385 3350 842 3459 (ipnstapturopolimlitteras
856 3350 1012 3500 gaisisslsp,
1035 3357 1287 3460 ιοιψιιειιψ

174 3440 575 3595 ilttttm‘tttlltli
599 3442 1286 3610 bill?‘,....¹'‘.{⁸..?.‡,;.‘¹¹¹t.t¹¹..¹¹l.⁹

173 3614 262 3678 inter
289 3606 662 3698 constantinopolitanos
695 3618 728 3671 et
756 3605 920 3670 Romanos
952 3607 1123 3682 coniuncta
1145 3612 1283 3679 amicitis.

173 3697 257 3764 Narn
285 3696 530 3777 Constantinus,
552 3716 664 3757 eorum
685 3691 880 3780 imperator,
913 3691 1096 3760 Romanum
1125 3696 1284 3789 imper-iun

174 3783 260 3873 apud
281 3777 594 3869 Constantinopolim
615 3777 752 3865 quadam
774 3775 931 3865 religione
959 3777 1178 3848 transtulerat.
1223 3783 1283 3848 flac

172 3891 250 3934 vero
270 3867 395 3935 litterae
417 3889 517 3956 quum
538 3886 607 3928 eom
633 3865 786 3928 rehensac
820 3872 928 3925 esseut
949 3873 981 3928 et
1009 3864 1050 3928 ad
1072 3864 1283 3956 imperatorem

174 3954 313 4037 relatae,
346 3965 424 4019 tune
452 3959 585 4039 propter
608 3887 673 4013 hoc
698 3958 776 4012 tuuc
800 3956 931 4035 propter
957 3947 1020 4013 alia
1034 3944 1163 4035 ‘jussus
1185 3965 1233 4018 est
1252 3951 1283 4016 ab

173 4038 325 4105 omnibus
347 4039 414 4104 suis
436 4033 616 4125 proscribi,
643 4033 768 4098 exulari
790 4042 822 4095 ct
851 4031 979 4097 tandem
1000 4036 1087 4123 apud
1107 4036 1240 4127 Papiam
1258 4037 1284 4101 ir

173 4125 310 4194 exilium
331 4123 429 4189 trudi.
484 4119 551 4204 Qui
573 4143 672 4208 quum
695 4119 728 4182 in
752 4139 878 4181 earcere
897 4119 1024 4204 positus
1043 4123 1283 4190 consolationem

171 4221 278 4276 tantm
296 4200 373 4275 suae
395 4206 507 4273 ruinae
529 4215 715 4294 quaereret,
738 4203 860 4303 quippo
907 4203 940 4266 ui
962 4215 1035 4269 ante
1056 4208 1171 4274 consul
1192 4209 1284 4275 lactus

170 4296 258 4363 lilios
279 4295 375 4362 etiam
396 4315 472 4359 suos
503 4291 653 4357 eonsules
683 4301 715 4353 ct
747 4226 938 4353 omma-ilia
990 4314 1120 4356 rosera
1139 4293 1284 4364 vidisseta

170 4381 277 4447 visum
297 4390 347 4447 est
360 4377 405 4463 ei,
427 4377 517 4443 nulla
538 4400 573 4440 re
588 4374 690 4465 magis
713 4398 809 4467 quam
826 4312 997 4441 scribendi)
1018 4313 1168 4443 ssilatium
1183 4373 1284 4469 quaeri

171 4486 279 4554 posse.
326 4464 381 4531 Sie
402 4462 522 4531 etenim
544 4471 577 4526 et
596 4485 671 4550 pros
696 4484 749 4524 era
770 4457 939 4548 praeterita
960 4461 1002 4526 ad
1029 4463 1216 4532 memoriam
1236 4463 1284 4529 da·

171 4563 259 4620 reret
279 4564 311 4620 ct
332 4548 414 4618 mala
435 4547 616 4643 praesentia
638 4485 797 4613 oblivioni
817 4541 957 4611 traderet
977 4557 1037 4615 eto.
1060 4557 1119 4615 eto.
