2640 5130
138 585 217 673 rna
408 594 588 698 urm.
625 595 677 671 rr.
740 592 991 672 raa-rau.

137 786 342 849 exerceretur
361 777 461 862 disco,
481 781 523 846 ab
542 781 622 849 irato
642 781 750 848 Borea
772 778 886 849 eodem
906 779 996 848 doen
1012 790 1062 848 est
1074 779 1269 872 interemtus,

138 867 224 935 etin
253 867 365 931 llorern
396 867 445 931 sul
471 866 604 932 nominis
635 878 786 935 mutatus.
835 867 911 933 Hic
931 878 1039 933 auteur
1070 868 1131 935 flos
1163 872 1269 952 rubet,

138 951 229 1042 quasi
248 950 342 1019 lilium
361 946 537 1039 designans
555 950 689 1040 primam
703 949 900 1022 “Yualodou'
917 951 1067 1020 litteram.

474 1117 568 1195 182.
629 1119 929 1234 Amaraueus.

16 1289 18 1295 ·
113 1266 132 1316 u
222 1251 393 1319 Atuatucos
416 1270 497 1340 puer
517 1232 633 1338 regius
648 1250 876 1338 unguentarius
891 1248 960 1331 suit,
980 1251 1034 1339 qui
1055 1271 1132 1316 casn
1152 1248 1269 1339 lapsus,

141 1333 217 1403 dum
246 1336 344 1402 leuet
370 1335 735 1425 unguentn,·rnnjoreru
762 1359 802 1404 ex
832 1335 1018 1403 contusione
1040 1334 1172 1401 odorem
1194 1359 1269 1425 pro-

138 1421 277 1491 mrit:
307 1416 393 1488 unde
412 1420 530 1509 optimu
552 1432 716 1507 unguenta
738 1421 977 1490 amaracina
996 1418 1154 1487 dicuutur.

480 1587 574 1664 185.
627 1591 937 1670 Pilumnus.

220 1694 392 1811 &tamnus
414 1726 448 1784 ct
469 1715 636 1787 Pitumnus
660 1716 774 1786 fratres
807 1717 933 1786 suerunt
960 1714 1013 1784 dii.
1060 1715 1187 1783 Horum
1218 1715 1275 1780 Pi·

103 1812 272 1872 ¹⁰tumuus
309 1800 410 1893 cluna·
444 1802 723 1871 stercorandorunn
763 1803 879 1870 invenit
910 1821 1079 1890 agrorum,
1119 1799 1206 1869 uude
1243 1811 1277 1866 et

145 1886 351 1957 Sterculinius
370 1886 473 1954 dietus
493 1901 561 1966 eutr
594 1887 758 1955 Pilumnus
776 1910 851 1954 veru
894 1885 1017 1955 insendi
1046 1886 1211 1967 frumeuti,
1244 1897 1277 1951 et

145 1995 168 2042 o
186 1974 355 2064 pistoribus
376 1971 509 2054 colitur,
529 1983 564 2041 et
580 1975 621 2041 ab
642 1973 713 2062 ipso
728 1971 846 2061 pilum
889 1973 987 2042 ‘ctum
1006 1984 1065 2040 est.

496 2159 590 2241 181.
651 2163 925 2243 Caeculus.

231 2292 270 2359 ln
292 2292 466 2372 Praeneste
486 2293 613 2362 civitate
631 2292 697 2361 duo
719 2303 810 2360 erant
831 2292 964 2374 fratres,
983 2291 1037 2380 qui
1057 2289 1150 2358 divini
1171 2289 1276 2392 appel-

108 2377 301 2445 ¹⁶labantun
354 2379 480 2445 Horum
508 2400 600 2445 soror
619 2375 694 2446 dum
724 2377 928 2446 antelucani
961 2376 1106 2455 sederet,
1137 2377 1276 2442 resiliens

147 2464 279 2529 scintilla
326 2460 393 2564 ejus
429 2475 554 2530 uterum
586 2465 759 2551 percussit,
803 2462 890 2530 dude
929 2461 1046 2530 dicitur
1082 2462 1279 2564 concepisse.

148 2548 267 2615 Postea
305 2569 396 2614 enixa
422 2559 472 2615 est
503 2570 637 2636 puerum
660 2549 752 2640 juxta
778 2549 928 2637 templum
947 2549 1052 2629 Jovis,
1091 2546 1277 2635 abjccrtque.

148 2631 296 2780 Virfrnes
317 2642 466 2719 aquatum
489 2643 617 2715 euntes,
646 2634 738 2725 juxta
757 2633 864 2722 ignaru
882 2633 1039 2701 inventum
1069 2631 1279 2708 sustulerunt3

149 2737 191 2781 un
216 2739 235 2781 e
255 2715 385 2782 Vulcani
407 2717 503 2783 fillum
526 2741 597 2785 esse
617 2716 781 2798 dixerunt,
814 2718 986 2784 Caerulum
1009 2728 1176 2796 vocantes,
1206 2715 1281 2802 quin

107 2800 321 2868 ²⁰minorlbus
342 2800 442 2868 oeulis
464 2801 539 2884 tuin
572 2825 668 2892 quarn
689 2827 756 2871 reru
786 2802 862 2869 lurni
876 2802 1070 2953 (florumque
1097 2802 1173 2867 facit
1199 2800 1280 2865 neri-

149 2887 263 2953 mnnia.
316 2887 382 2952 Hic
418 2897 547 2974 postea,
585 2889 718 2958 collecta
753 2888 874 2955 multitu
898 2889 969 2965 ine,
1017 2898 1184 2976 postquam
1225 2885 1281 2950 diu

148 2970 352 3038 latrocinatur
375 2983 444 3055 est,
461 2972 700 3042 Praenestinam
721 2974 877 3040 civitatem
898 2974 929 3038 in
950 2974 1106 3039 montibus
1129 2969 1280 3039 condidit.

149 3057 195 3124 Et
214 3078 311 3145 quum
332 3055 478 3123 ludorum
499 3055 553 3124 die
573 3057 691 3126 ricinos
723 3058 857 3147 pupulus
883 3057 1063 3137 invitasset,
1097 3056 1203 3144 coepit
1224 3079 1280 3121 eos

151 3141 288 3224 honori,
309 3152 346 3208 ut
364 3163 474 3209 aecum
493 3141 690 3222 habitarent,
713 3154 747 3211 et
791 3143 887 3210 leriae
909 3165 1006 3209 causa
1022 3143 1164 3233 jactare,
1184 3139 1281 3205 tilium

108 3233 189 3293 ὕπο
206 3243 278 3296 eone
296 3225 439 3295 Vulcani.
488 3227 587 3304 Quod
618 3253 717 3317 quum
750 3229 791 3294 'l
821 3248 885 3294 non
914 3225 1101 3302 crederent,
1136 3227 1281 3291 invocato

151 3312 313 3390 Vulcano,
343 3324 380 3379 ut
399 3334 436 3379 so
456 3309 553 3379 filium
573 3335 664 3381 suurn
687 3315 923 3402 comprobaret,
959 3312 1058 3378 omnis
1079 3311 1157 3376 illius
1180 3309 1283 3375 rnulti-

151 3396 268 3465 tudiuis
288 3409 400 3464 coetus
421 3409 471 3464 est
501 3399 629 3465 flamma
650 3397 871 3466 circumdatus.
920 3398 993 3475 Quo
1016 3398 1100 3463 lacto
1136 3397 1285 3461 commoti

151 3482 269 3572 populi,
289 3482 380 3551 simul
401 3479 641 3566 habitaverunt,
662 3498 696 3553 et
712 3484 844 3552 Vulcani
866 3483 963 3551 filium
983 3505 1055 3550 esse
1073 3478 1285 3548 erediderunt

494 3667 588 3745 185.
649 3672 932 3747 Telchines.

114 3805 154 3856 ⁸0
237 3796 407 3865 'l'elchines
427 3808 493 3866 tres
524 3798 637 3868 lrntrea
661 3799 758 3867 luisse
778 3798 925 3866 dicuutur
953 3793 1068 3865 inuidia
1086 3792 1178 3860 liridi.
1221 3793 1286 3868 Qut

154 3894 254 3950 'uum
282 3884 455 3950 vicinorum
484 3905 582 3970 agros
613 3885 754 3952 viderent
780 3896 933 3973 prouentu
969 3881 1086 3963 fertiles
1117 3893 1150 3946 et
1176 3891 1289 3946 natura

155 3906 280 4048 Vellaeo,
316 3968 375 4035 hon
397 3970 549 4056 sparsisse
580 3968 726 4037 dicuntur
754 3970 842 4057 aquis
879 3968 1015 4059 Stygiis,
1053 3977 1088 4032 ut
1117 3957 1289 4031 redderent

153 4051 350 4122 infecundos.
392 4056 465 4128 Qun
486 4053 580 4142 eulpa
600 4078 734 4143 poenam
757 4068 952 4137 metuentes,
984 4050 1086 4120 solnm
1117 4061 1288 4131 verterunt,

154 4137 316 4229 nequead
337 4138 496 4228 Cyclopas
517 4141 724 4208 contuleruut.

116 4320 158 4371 ⁸⁶
556 4305 648 4383 186.
706 4311 893 4385 Tenes.

241 4436 350 4504 'l'enes
371 4435 499 4526 quidam
523 4435 708 4509 infamatus.
741 4435 829 4526 quod
849 4458 921 4504 eoru
944 4458 1082 4504 noverca
1102 4433 1291 4504 concubuis-

160 4531 228 4601 set,
248 4522 397 4599 insulam,
453 4545 513 4588 uae
533 4519 686 4589 Tenedos
708 4534 929 4613 nuncupatur,
959 4544 1090 4591 uacuam
1118 4519 1291 4612 cultoribus

160 4607 270 4675 tenuit.
313 4608 409 4675 Unde
462 4605 581 4675 euedos
601 4604 687 4676 dictu
708 4619 767 4675 est.
