2640 5130
185 603 271 679 aas
523 602 703 704 nrynogn
730 604 802 676 nr.
854 602 896 675 a.
948 598 1119 676 a-ro.

191 783 341 851 Romanis
360 784 393 849 in
422 805 506 849 anno
533 784 651 851 tributa
676 784 889 852 mittebantur.
940 783 1111 852 wallus
1138 780 1148 799 ‘
1173 780 1237 849 'tur
1262 782 1300 847 ob

188 870 352 938 fulminum
372 879 514 936 naturam
535 867 568 933 in
586 869 693 955 ligura
712 869 830 936 Leonis
896 868 988 949 nitur,
1008 867 1139 958 quoda
1174 864 1300 933 modun

189 955 323 1021 fulminis
345 955 450 1021 omnia
470 955 661 1041 penetrantis
691 955 787 1021 ardor
814 979 831 1022 s
898 999 908 1023 .
933 954 1107 1043 praecipue
1125 951 1253 1040 quando
1272 951 1301 1017 ia

188 1040 372 1118 Leoneest,
395 1061 503 1105 mense
522 1041 676 1125 Angusto,
699 1041 803 1108 omnia
825 1039 934 1107 viridia
953 1046 1121 1106 consumat
1132 1047 1167 1104 et
1183 1047 1300 1105 exurat

163 1125 234 1190 affl
261 1138 326 1191 tres
352 1122 470 1212 lapides
500 1124 613 1189 laniem
646 1125 719 1193 solis
746 1125 971 1203 occuluerunt,
1001 1125 1076 1213 quia
1106 1121 1182 1188 dnm
1202 1122 1251 1189 sol
1271 1122 1300 1187 ia

187 1208 356 1298 praedictis
374 1221 515 1276 moratur
544 1208 661 1294 signis,
698 1213 742 1276 ob
769 1212 895 1279 nimiam
937 1209 985 1277 'ns
1014 1207 1232 1276 claritudinem
1256 1208 1300 1273 in-

186 1294 300 1360 tuitum
320 1295 353 1359 in
373 1316 446 1361 eam
467 1292 611 1444 deligere
631 1316 694 1360 non
716 1297 808 1364 lacile
828 1296 877 1362 sit.
959 1316 978 1360 e
998 1295 1206 1361 Geminorum
1228 1314 1300 1359 vero

187 1378 291 1444 l'ronte
329 1402 458 1466 gemma
485 1379 536 1469 lyc
557 1379 604 1444 nis
632 1394 763 1483 propter
786 1381 867 1449 iltius
894 1378 1027 1459 mensis,
1063 1378 1096 1446 id
1127 1388 1177 1445 est
1205 1376 1301 1457 Juuii,

185 1462 446 1553 pulchritudinem
463 1478 497 1530 et
511 1463 742 1553 jucunditatem
755 1465 870 1534 dicitnr
889 1474 1045 1544 assumta
1063 1465 1138 1552 quia
1160 1462 1301 1529 videlicet

145 1560 222 1615 rost
241 1550 273 1614 in
293 1550 449 1616 anteriore
469 1562 559 1636 parte
572 1550 718 1617 bominis
738 1563 806 1620 tota
831 1551 897 1639 ejus
925 1548 1127 1639 pulchritudo
1157 1546 1299 1615 conside·

185 1647 288 1711 retur,
324 1646 357 1701 et
381 1636 413 1700 in
442 1635 545 1701 fronte
574 1657 636 1700 non
664 1659 762 1724 parva
788 1635 1025 1724 pulchritudinis
1052 1657 1126 1723 pars
1156 1644 1299 1712 notetur;

185 1718 228 1784 de
257 1719 374 1784 Cancri
412 1722 547 1786 cerebro
583 1720 708 1788 astrites
766 1734 874 1811 ropter
908 1720 1106 1788 eminentiam
1140 1718 1298 1785 stellarum

184 1804 252 1893 ejus
273 1817 306 1872 et
323 1804 511 1883 claritaten13
544 1827 700 1876 ceraunus
722 1746 766 1874 al
791 1807 891 1873 oculis
917 1805 1038 1872 Leonis
1067 1816 1198 1895 propter
1229 1803 1298 1869 leri-

183 1903 282 2041 patwr
313 1889 453 1971 ardoris3
489 1892 625 1958 maxime
658 1891 741 1959 enim
773 1892 882 1960 levitas
914 1892 947 1958 in
976 1889 1074 1958 oculis
1109 1887 1299 1978 conspicitur

143 1986 178 2038 tt
194 1978 336 2042 eonnm”.

265 2062 297 2127 9.
338 2058 575 2147 “Smaragdus,
616 2059 734 2150 scythis
763 2073 797 2128 et
821 2060 868 2127 ias
890 2060 916 2129 is
944 2057 1064 2147 lapides
1094 2066 1167 2124 snat
1186 2052 1297 2121 virides

183 2156 218 2214 et
230 2145 394 2233 signorum
415 2145 547 2211 vernalis
560 2146 721 2233 temporis,
743 2146 776 2212 id
796 2157 846 2212 est
887 2144 1008 2226 iscium,
1027 2139 1142 2209 Arietis
1157 2139 1297 2207 et'l'anri

181 2241 446 2331 tpum0geront,
482 2230 557 2318 quia
585 2229 659 2333 3¹⁰¹.st
670 2230 729 2332 ‘illa
755 2230 803 2298 sol
817 2243 984 2333 permeat,
1019 2240 1126 2295 terrae
1144 2225 1247 2291 virere
1266 2237 1298 2293 et

141 2313 574 2471 „lt‘vttttllftt
587 2326 745 2466 ltlll
765 2315 969 2467 allilia?
988 2308 1297 2474 ''diieilffl

181 2482 343 2550 nascentia
364 2484 441 2549 dum
461 2484 569 2550 viridia
590 2497 672 2562 sunt,
694 2507 802 2553 amara
821 2498 903 2552 sunt
945 2485 1006 2552 Est
1020 2504 1155 2570 namque
1171 2490 1295 2568 gemma

180 2567 366 2634 viridissima
386 2568 468 2634 ultra
488 2591 597 2636 omues
632 2571 746 2637 herbas
766 2584 800 2639 ct
820 2568 957 2637 frondes
1010 2568 1138 2657 Scythis
1164 2588 1186 2631 a
1212 2566 1297 2668 Scy·

180 2653 275 2731 etia,
296 2652 327 2717 in
349 2675 429 2741 qua,
451 2663 488 2720 ut
507 2654 612 2742 ajunt,
628 2655 798 2738 invenitur;
817 2656 913 2745 iaspis
934 2656 976 2721 ab
996 2652 1135 2742 aspide,
1154 2652 1192 2718 in
1206 2671 1295 2738 cupas

180 2741 315 2804 cerebro
336 2737 465 2804 inveniri
486 2740 596 2807 fertur.
649 2743 731 2809 Sunt
750 2754 857 2810 autem
884 2737 1013 2828 iaspidis
1040 2737 1138 2804 molta
1165 2756 1295 2825 genera,

137 2823 261 2892 atinter
282 2845 364 2912 quae
384 2825 479 2891 etiam
507 2825 645 2906 lulvnm,
679 2848 743 2915 quo
767 2826 914 2895 dicuntur
934 2823 1101 2892 daemonia
1131 2832 1166 2889 et
1192 2822 1296 2887 omnia

181 2909 287 2996 fugari
305 2909 533 2998 phantasmata.
589 2911 822 3000 Heliotropius,
869 2910 1029 2978 dendrites
1057 2920 1090 2975 et
1111 2906 1297 2998 hyacinthus

179 2995 342 3082 signorum
364 2996 588 3064 autumnalium
610 2997 694 3065 vices
713 2999 897 3085 exprimunt
949 2996 1010 3062 Est
1037 2993 1119 3058 enim
1148 2991 1296 3061 heliotro-

178 3081 249 3182 pius
270 3101 397 3170 quoque
416 3081 495 3169 lapis
525 3079 647 3161 viridis,
679 3085 871 3171 sanguineas
894 3081 1013 3148 habens
1035 3100 1139 3144 venas.
1179 3077 1295 3146 Missus

178 3188 209 3230 m
231 3180 414 3254 argenteam
435 3166 547 3257 pelvim
569 3189 652 3254 aqua
672 3168 794 3256 plenam
815 3168 922 3234 radios
942 3166 1015 3232 solis
1035 3163 1295 3249 insanguineum

138 3253 413 3339 soobscurumque
447 3252 539 3320 vertit
568 3253 714 3320 colorem
771 3256 870 3321 Hunc
905 3250 1039 3354 lapidem
1069 3250 1096 3316 si
1125 3248 1194 3337 quis
1223 3270 1295 3316 eum

177 3337 277 3403 herba
297 3337 439 3436 ejusdem
467 3338 617 3417 nominis,
653 3337 759 3440 idest
786 3339 971 3426 heliotropio
996 3336 1110 3439 (quam
1120 3333 1296 3484 proverbia

177 3422 774 3596 illimistlllltlltl:
787 3417 1295 3584 illtallltlfflltlla

177 3592 294 3658 visibus
326 3593 440 3659 aufert.
494 3594 641 3683 Optimus
669 3595 701 3661 iu
722 3594 812 3662 ludia
833 3597 999 3684 libyaque
1016 3591 1178 3657 invenitur.
1234 3588 1296 3655 Est

134 3688 283 3747 asaelem
304 3674 380 3766 lapis
405 3678 603 3765 splendidus,
646 3703 719 3746 cum
740 3692 811 3747 ortu
837 3680 910 3747 solis
939 3692 973 3746 et
1004 3698 1122 3743 occasu
1156 3671 1294 3742 colorem

176 3774 317 3840 mutans;
346 3761 431 3828 unde
452 3778 484 3831 et
505 3763 690 3831 vocabulum
712 3767 813 3834 traxit.
870 3765 953 3830 Nam
973 3759 1065 3864 ἥλιος
1084 3758 1152 3836 sot,
1171 3752 1304 3847 τρόπος,

176 3846 349 3909 correersio
370 3848 611 3934 interpretatur,
640 3850 713 3936 quia
727 3848 818 3936 juxta
839 3850 912 3917 solis
933 3844 1158 3914 vicissitudines
1180 3841 1293 3910 coloris

177 3929 362 3997 variationes
384 3934 530 4020 patiatur.
573 3931 639 3999 Sed
662 3943 694 3999 ct
715 3933 815 4002 herba
836 3935 933 4002 solem
954 3933 1043 4020 sequi
1062 3930 1188 4008 dicitur,
1208 3928 1294 4017 qnia,

176 4027 212 4079 ut
232 4014 334 4115 ajunt,
376 4040 506 4104 vespere
535 4016 717 4093 claudatur,
754 4043 847 4086 mane
876 4019 1052 4107 aperiatur,
1087 4025 1219 4102 totoque
1240 4012 1294 4081 die

136 4101 269 4171 roflons
301 4100 349 4166 sui
385 4101 560 4189 explicitam
592 4101 786 4170 latitudinem
819 4106 850 4170 in
886 4103 990 4168 radios
1030 4100 1101 4168 solis
1141 4103 1293 4166 obvertat.

174 4185 270 4250 Haec
290 4207 417 4272 gemma
438 4187 468 4252 in
500 4188 638 4276 speciem
666 4189 795 4276 ponitur
823 4188 959 4274 Virginis
988 4190 1029 4252 ob
1059 4184 1131 4252 solis
1165 4185 1290 4251 claritu-

174 4269 295 4347 dinem,
327 4270 358 4335 in
386 4294 425 4335 eo
455 4269 561 4339 adhuc
581 4274 673 4375 signo
696 4297 804 4340 mense
827 4273 1005 4361 Septembri
1028 4271 1207 4338 currentis'’.

258 4357 308 4423 10.
351 4355 534 4424 “Dendritis
562 4357 639 4447 lapis
673 4371 722 4427 est
748 4357 928 4429 arboreus,
961 4357 1022 4422 hou
1058 4370 1106 4423 est
1137 4355 1292 4421 sucinum.

173 4439 257 4505 Nam
275 4440 410 4526 δένδρον
429 4439 549 4522 orbor,
587 4438 710 4531 ράβδος
739 4445 842 4530 virga
865 4441 986 4508 dicitnr.
1038 4443 1130 4516 Quae
1162 4463 1292 4526 gevnma

135 4524 292 4594 tebiltrae
322 4525 433 4602 datur,
464 4527 537 4613 qnia
568 4528 693 4594 circiter
720 4529 912 4600 Octobrem.
942 4526 1008 4593 sole
1036 4540 1140 4614 partes
1171 4527 1291 4591 Librae

174 4623 319 4693 tenente,
349 4611 499 4693 maxime,
535 4624 568 4681 ut
588 4613 719 4701 legitur,
753 4613 882 4681 arbores
913 4612 1034 4681 sudant.
1090 4611 1289 4701 Hyacinthus
