2640 5130
357 522 539 659 rum,
567 555 620 628 11.
656 552 749 628 107.
779 553 871 629 roa.
1105 553 1178 630 rrr

27 756 111 817 mat
141 742 319 813 Centauri.
360 741 524 810 Reversus
557 736 673 808 autem·
691 736 734 805 arl
762 738 911 806 mortales
938 737 1093 825 gloriatus
1122 753 1180 818 est,

29 856 71 903 se
103 853 188 900 cnm
219 830 350 897 lunone
379 849 449 894 rem
477 827 632 894 hahuisse.
673 826 727 891 0h
759 847 853 912 quam
882 846 1011 891 causam
1034 826 1076 890 Ju
1099 825 1180 913 piter

29 940 114 986 eun
138 915 280 983 fulmine
297 914 474 1005 percussit,
499 923 532 978 et
552 910 593 976 ad
616 920 718 978 rotam
738 909 935 1000 serpentibus
956 910 1043 978 circu
1091 933 1179 978 usam

35 1000 132 1095 apud
153 1000 284 1068 inferos
306 997 489 1066 rolrendam
509 996 626 1085 ligarit.

162 1163 263 1240 10⁷.
316 1163 594 1265 Explanatio
627 1159 827 1261 ejusdem
865 1159 1064 1236 fabulae.
1187 1186 1204 1233 s

134 1294 235 1360 Sicut
263 1292 339 1357 nihil
364 1293 397 1358 iu
426 1293 542 1360 Latina
570 1291 716 1356 oratione
749 1290 879 1357 raritate
912 1291 1100 1375 gratiosius,
1139 1290 1183 1356 ita

43 1378 126 1447 nihil
152 1380 187 1445 in
213 1378 344 1444 Graeca
383 1377 517 1446 falsitate
543 1377 692 1444 ornatius.
744 1375 851 1455 lxion,
907 1377 973 1441 uasi
1004 1374 1115 1455 ἄξιον,
1148 1374 1182 1440 id

44 1478 101 1532 est
132 1463 174 1527 di
202 1463 368 1542 uitatem,
394 1462 457 1529 dici
486 1461 668 1541 voluerunt;
709 1461 866 1527 lunonem
884 1397 979 1525 haam
998 1481 1182 1548 regnorum.

46 1551 149 1634 Ergo
171 1484 329 1649 ffipnitas,
361 1568 497 1650 regnum
527 1548 698 1627 affectans,
733 1546 850 1611 nubem
880 1556 1037 1624 meretur,
1076 1545 1181 1613 idest

48 1631 291 1701 similitudmem
324 1653 427 1720 regui.
475 1633 677 1699 Democritus
703 1632 802 1719 igitur
829 1630 954 1707 scribit,
987 1630 1128 1696 Ixionem
1148 1631 1223 1696 into

51 1718 199 1785 Graecia
219 1717 356 1804 primum
379 1717 470 1820 regni
496 1716 632 1806 gloriam
661 1718 839 1783 affectasse.
891 1716 955 1790 Qui
975 1715 1034 1782 sihi
1054 1728 1182 1784 centurn

53 1803 182 1892 equites
203 1802 323 1889 primus
353 1825 491 1869 umorum
521 1801 725 1891 conquisivit3
753 1799 898 1867 undeet
925 1800 1078 1867 Centauri
1109 1800 1184 1868 dicti

54 1902 130 1956 suot
150 1887 243 1976 qnasi
262 1896 402 1951 eentum
428 1888 572 1955 armati.
626 1887 773 1974 Denique
798 1885 947 1973 Centippi
975 1884 1037 1951 dici
1064 1884 1184 1950 dehue-

54 1988 141 2052 rant,
161 1969 315 2060 eoquod
337 1970 427 2058 equis
449 1972 536 2038 ruisti
558 1972 740 2122 pinpuutur.
782 1969 850 2072 §ed
866 1971 965 2048 Ixion,
986 1992 1082 2058 parvo
1104 1981 1182 2036 tem·

57 2053 1224 2232 ffmiffhluilillhtailff,ildrolildle'hilkihpfflnliif'⁵

57 2228 129 2297 hihs
149 2226 300 2307 rolritnr;
333 2239 370 2295 ut
398 2226 470 2293 hinc
495 2238 621 2317 pateat,
651 2225 736 2314 quod
763 2248 891 2305 ornnes,
926 2227 979 2311 qui
1009 2244 1068 2314 por
1095 2246 1184 2290 arma

59 2326 156 2402 atque
172 2311 351 2379 violentiam
372 2332 506 2400 regnum
529 2313 699 2391 affectant,
732 2312 835 2379 subito
855 2311 1053 2398 ereptiones,
1078 2311 1181 2377 subito

62 2399 206 2466 &ones
228 2399 414 2465 sustineant.
467 2396 563 2472 Quod
585 2409 690 2466 autem
714 2396 867 2465 Centauri
886 2396 953 2463 ficti
972 2407 1061 2473 sunt,
1088 2395 1181 2462 etiarn

61 2484 114 2550 hic
133 2482 229 2550 datus
249 2493 301 2550 est
327 2481 414 2548 locus
447 2480 581 2549 fabulae.
632 2480 768 2557 Quidam
800 2481 881 2547 enirn
909 2480 1082 2549 Thessalus
1113 2502 1225 2555 reum

63 2590 160 2657 quum
176 2569 209 2633 in
242 2567 464 2648 Pelethronio,
494 2567 682 2634 Thessaliae
703 2566 839 2656 oppido,
864 2567 1008 2633 satellites
1038 2587 1114 2632 suos
1141 2566 1182 2632 ad

61 2650 266 2755 serocandos
298 2665 405 2719 uestro
436 2653 615 2740 exagitatos
644 2653 741 2718 hores
769 2653 919 2755 misisset,
957 2652 1059 2739 illique
1088 2672 1183 2755 cursu

64 2758 378 2903 &misellulis
385 2738 588 2912 litiis*
607 2760 857 2899 „illiciis
871 2757 973 2889 1:312?
975 2736 1130 2890 ltili?
1131 2737 1184 2888 'idi
1234 2876 1244 2896 .

65 2920 149 2979 locta
168 2922 406 2976 moraverunt
447 2909 492 2975 Hi
517 2929 613 2997 quum
635 2908 723 2995 equis
744 2918 924 2987 uterentur,
957 2918 1012 2974 aut
1032 2906 1222 2975 velociterae

64 2986 191 3073 eudo:
218 3005 274 3060 aut
297 2993 382 3059 circa
402 2994 519 3059 humen
540 2993 683 3058 Peneum
706 3014 805 3080 equos
825 2991 977 3059 inclinatis
995 3012 1105 3058 eorum
1127 3015 1180 3059 ca-

64 3081 181 3169 pitibus
199 3077 358 3166 potando,
379 3077 483 3144 locum
504 3076 660 3145 dederuut
682 3077 825 3158 fabulae,
846 3089 881 3143 ut
900 3077 1051 3144 Centauri
1071 3076 1182 3144 crede

63 3177 173 3233 rentur
204 3185 286 3230 esse.
340 3162 397 3229 Alii
422 3162 549 3244 dieunt,
576 3164 810 3231 Centaurorum
839 3161 975 3229 fabulam
1006 3184 1078 3229 esse
1107 3183 1184 3227 oon·

62 3250 171 3319 hetam
210 3246 253 3315 ad
291 3246 525 3336 exprimendam
556 3247 711 3315 humanae
739 3250 820 3317 ritae
852 3247 1066 3330 velocitatem,
1110 3248 1184 3336 quia

62 3356 182 3427 equum
203 3344 330 3402 cumtat
349 3356 420 3400 esse
440 3332 675 3402 velocissimum.
1189 3363 1228 3412 ³0

350 3586 352 3591 Ι
410 3494 503 3575 108.
555 3498 838 3575 Pirithous.

147 3623 330 3704 Pirithous,
363 3623 569 3729 Lapitharum
600 3626 804 3695 'l'hessalicae
834 3626 941 3715 gentis
974 3647 1048 3706 rex,
1089 3646 1185 3714 quum

62 3732 199 3781 ueram
226 3707 471 3799 Hippodamum
499 3710 650 3791 duceret,
684 3712 799 3780 vicinos
826 3711 978 3802 populos,
1007 3713 1185 3779 Centauros

64 3799 163 3869 diam
190 3794 370 3876 Rhoetum,
400 3796 536 3864 Pholum
563 3808 596 3864 et
622 3798 655 3862 H
677 3795 799 3880 laeum,
827 3811 860 3867 et
879 3798 955 3865 alios
977 3819 1071 3885 quam
1091 3796 1186 3886 pluri·

64 3906 153 3962 mos,
176 3895 211 3949 et
231 3880 310 3948 deos
328 3902 453 3962 omnes,
482 3893 617 3970 excepto
673 3894 756 3960 arte,
788 3882 829 3950 ad
857 3882 1029 3950 convivium
1057 3883 1229 3960 vocaritss

67 3967 166 4036 Unde
194 3988 310 4032 numen
336 3967 468 4046 iratum,
497 3966 635 4034 immisso
662 3968 786 4048 lurore,
815 3970 1012 4036 convivantes
1038 3965 1080 4034 ad
1099 3990 1188 4035 arma

66 4053 247 4121 commorit
304 4052 457 4120 Centauri
490 4074 627 4140 namque
663 4074 758 4140 quum
796 4054 866 4120 vino
899 4054 1115 4134 incaluissent,
1157 4066 1190 4122 et

67 4139 195 4228 puellae
219 4137 364 4205 nubentis
395 4137 563 4206 thalamum
593 4135 704 4206 vellent
730 4139 920 4228 irrumpere,
950 4152 983 4208 et
1009 4140 1079 4206 rino
1107 4138 1189 4227 pleni

68 4222 203 4290 ahorum
232 4222 325 4289 etiarn
346 4222 552 4313 Lapitharum
573 4243 688 4289 uxores
708 4237 897 4291 conarentur
918 4246 1049 4314 rapere,
1078 4248 1098 4291 a
1124 4225 1189 4292 ha·

67 4307 165 4398 pithia
196 4320 231 4374 et
259 4330 279 4374 a
306 4329 386 4394 rege
418 4328 528 4374 eorum
558 4308 704 4376 Pirithoo
735 4311 806 4377 victi
838 4323 1033 4379 corruerunt.
1074 4308 1232 4388 niueum

68 4414 206 4481 pugnas
232 4393 349 4496 Qaeuis
376 4392 533 4497 interfuit,
562 4395 616 4483 qni
645 4395 732 4500 prius
759 4397 867 4483 rirg03
894 4407 969 4499 ppst
997 4418 1017 4460 a
1039 4395 1189 4500 Neptuno

71 4488 554 4654 triumuiri?
567 4491 948 4658 ,Pilllimslffili
972 4481 1082 4667 chii.
1095 4496 1190 4634 izi
