2640 5130
396 633 576 736 upum.
608 633 680 708 m.
734 631 775 707 a.
835 627 875 706 u.
1017 608 1021 617 '
1121 629 1201 705 roa

78 811 123 880 ds
146 812 307 903 voluptate
328 824 490 881 eermmen
511 814 669 902 fingimus.
711 813 819 882 Habet
846 810 928 878 enim
949 809 1077 892 fabula,
1105 809 1201 879 'l'ire-

77 901 156 966 siam
189 910 353 986 serpentes
384 899 466 966 duo's
497 907 648 966 coeuntes
682 899 805 966 uidisse
857 899 952 973 ,Quos
981 919 1079 986 quum
1109 898 1203 984 virga

73 985 309 1073 percussisset,
337 984 368 1049 in
397 984 547 1051 laminam
569 996 706 1052 mutatus
730 996 788 1051 est
828 983 913 1050 Tum
936 1005 1011 1051 raro
1029 990 1104 1070 post
1123 992 1204 1049 tem-

123 1070 165 1135 ris
187 1071 319 1143 seriem,
345 1070 481 1157 septimo
501 1068 644 1137 videlicet
670 1091 773 1151 anno,
802 1067 932 1136 eosdem
953 1066 1030 1134 ridit
1050 1088 1198 1133 concum-

78 1092 208 1234 hhutes,
235 1154 436 1305 similiterque
463 1155 502 1221 iis
532 1154 708 1242 percussis,
737 1155 769 1221 in
801 1153 933 1221 lormem
962 1153 1128 1304 pristinam
1147 1161 1223 1218 esto

78 1240 254 1307 restitutus.
297 1239 350 1304 0h
401 1263 441 1306 oc
469 1261 565 1328 quum
595 1239 638 1305 de
658 1241 774 1307 amoris
791 1238 942 1326 qualitate
985 1260 1047 1305 uno
1068 1249 1102 1306 et
1119 1236 1201 1324 Jup-

79 1327 160 1412 piter
182 1337 343 1392 omumen
364 1326 558 1406 habuissent,
578 1348 651 1392 eum
665 1324 806 1415 judicem
830 1324 1003 1412 clegerunt
1031 1322 1088 1389 Ille
1101 1321 1201 1387 virum

80 1425 146 1476 tres
167 1410 278 1475 unicus
300 1411 415 1476 arnoris
435 1410 571 1489 hahere,
598 1432 711 1477 uorem
739 1429 813 1476 roro
836 1409 981 1477 feminam
1001 1407 1087 1475 dixit
1128 1407 1200 1481 Qua

80 1517 116 1560 re
135 1495 224 1561 Juno
240 1496 321 1562 irata
341 1494 444 1561 lumen
468 1497 498 1562 ei
525 1495 652 1564 ademit
692 1493 840 1584 Juppiter
865 1515 958 1575 vero,
992 1505 1029 1562 ut
1055 1493 1085 1559 ei
1113 1490 1200 1580 quod

81 1581 246 1659 amiserat,
267 1579 463 1666 aliquatenus
484 1582 674 1657 restitueret,
694 1580 871 1648 futurorum
882 1581 911 1645 ei
925 1579 1088 1647 scientiam
1103 1576 1239 1644 deditlu

81 1665 225 1731 'liresias
243 1666 350 1752 itaque
370 1666 504 1730 aestiva
520 1666 723 1753 perennitas
742 1667 982 1754 interpretatum
1011 1662 1096 1731 unde
1116 1675 1149 1730 et
1169 1663 1200 1728 in

80 1752 187 1837 figura
209 1750 359 1836 temporis
379 1753 514 1838 ponitur.
555 1751 700 1839 'l'empus
719 1751 819 1854 igitur
840 1751 998 1816 mensibus
1018 1746 1201 1815 hiemalibus

82 1834 176 1910 dum,
195 1836 287 1902 terris
303 1836 424 1921 frigore
435 1835 621 1917 constrictis,
642 1857 785 1930 germana
801 1833 882 1901 nulla
902 1833 1057 1924 producit,
1079 1855 1203 1899 mascu-

80 1920 174 1985 linam
202 1919 438 2006 quodammodo
470 1922 591 1989 obtinet
618 1921 760 1987 sormam.
802 1921 887 1985 Vere
914 1931 1018 1986 autem
1045 1920 1202 2005 ingresso,

83 2003 229 2071 animalia
243 2005 309 2096 jani
329 2005 485 2073 lasciviam
508 2007 688 2074 exercentis
708 2017 741 2073 et
761 2005 907 2073 mausus
927 2003 1044 2083 ridens,
1066 2003 1244 2090 percutitlo

83 2112 122 2156 ea
141 2088 250 2177 virga,
271 2090 305 2156 id
327 2103 376 2159 est
394 2091 524 2159 ferroris
544 2104 651 2172 uestu3
672 2103 810 2179 tuncque
828 2090 859 2156 in
880 2111 990 2156 sexum
1013 2088 1204 2168 femininum,

83 2174 115 2240 id
138 2188 198 2253 est,
218 2177 250 2242 iu
269 2177 418 2244 aestivam
437 2179 548 2246 transit
573 2176 807 2245 facunditatem.
834 2174 913 2242 Ideo
928 2175 1054 2242 raro-in
1076 2170 1205 2259 modum

85 2260 220 2326 luminae
252 2272 405 2329 aestatem
438 2284 592 2364 posuere,
629 2260 714 2352 quod
745 2263 777 2329 in
809 2284 848 2327 eo
881 2273 1026 2348 tempore
1059 2259 1205 2346 germina

84 2346 188 2411 omnia
210 2347 397 2433 prodeuntia
425 2369 471 2415 sic
490 2349 555 2414 suis
576 2360 735 2437 tamquam
756 2370 776 2413 a
798 2344 904 2413 matris
924 2356 1016 2411 utero
1037 2354 1205 2432 emergant

85 2429 238 2497 soltanus.
279 2432 382 2498 Porro
404 2431 467 2499 duo
486 2446 559 2501 sunt
580 2434 819 2524 conceptionum
840 2429 1023 2498 naturalium
1044 2442 1199 2517 tempora,
1209 2448 1246 2497 au

84 2537 139 2580 rer
170 2515 315 2584 videlicet
342 2529 375 2585 et
403 2531 579 2586 autumnus.
631 2519 670 2585 ln
699 2530 849 2586 autumno
876 2517 973 2605 igitur
993 2515 1068 2582 durn
1087 2516 1202 2582 iterum

83 2606 202 2668 cudunt
233 2602 393 2683 animalia',
421 2616 455 2672 et
481 2616 629 2672 seruntur
684 2604 819 2683 ermina,
850 2602 986 2690 percutit
1017 2623 1057 2667 ea
1088 2601 1203 2668 iterum

84 2685 245 2785 Tiresias,
274 2686 306 2786 id
328 2702 377 2756 est
397 2699 530 2776 tempus
545 2689 613 2779 jam
635 2625 683 2756 aff
697 2688 831 2755 hiemem
852 2709 1007 2790 uergens,
1026 2685 1150 2787 uirga,
1174 2680 1209 2749 id

85 2783 134 2838 est
151 2769 302 2860 frigoras
323 2773 483 2852 uredine,
512 2774 622 2863 sicque
644 2773 772 2842 tandem
791 2774 823 2841 in
844 2773 1005 2861 pristinam
1026 2769 1109 2837 reda
1127 2769 1206 2836 ima-

84 2857 203 3006 pinem,
254 2860 428 2925 Autumnus
454 2858 536 2924 enim
566 2857 649 2926 odeo
676 2871 791 2927 cuncta
824 2857 1007 2944 adstringit,
1048 2855 1097 2922 ut'
1111 2855 1249 2924 ademto

108 2941 206 3007 orbae
226 2940 295 3043 jam
324 2955 504 3022 marceant,
538 2945 606 3010 suci
634 2946 783 3011 arborum
810 2944 1029 3018 exsiccentur,
1056 2938 1131 3007 lolia
1152 2962 1206 3006 cu-

86 3026 180 3104 dant,
209 3048 319 3115 sicque
339 3041 461 3117 tempus
483 3026 525 3094 ad
547 3030 648 3117 frigus
669 3030 801 3096 hiemale
822 3027 997 3107 declinans,
1026 3024 1058 3090 in
1082 3045 1207 3092 muscu-

84 3109 178 3177 liuam
206 3112 374 3180 revertitur
400 3112 602 3181 sterilitatem.
654 3115 726 3182 Nec
753 3115 929 3201 incongrue
959 3110 1109 3199 septimo,
1123 3131 1206 3175 anno

85 3218 196 3262 serum
228 3211 366 3266 mutasse
396 3198 518 3267 dicitur.
571 3202 715 3289 Septimo
745 3200 827 3267 enim
856 3220 964 3265 mense
992 3194 1090 3263 solem
1122 3195 1207 3260 vices

85 3293 265 3371 temporum
295 3285 417 3350 variare
447 3284 645 3353 manifestum
678 3299 736 3355 est.
791 3284 939 3372 Denique
975 3280 1100 3347 duobus
1136 3277 1249 3358 diis,su

85 3365 173 3519 iffi
183 3379 280 3520 altispm
300 3375 391 3521 eripe,
412 3369 454 3473 de
475 3370 649 3519 voluptate,
671 3369 703 3437 id
725 3382 774 3475 est
793 3369 836 3436 de
855 3365 1081 3472 procreationis
1096 3376 1209 3516 nptupp

85 3558 155 3603 s„
169 3475 328 3641 uus
343 3468 627 3630 ,titulun
656 3466 1208 3640 nunnunquam.

87 3622 148 3689 hus
165 3624 255 3711 tripla
270 3626 310 3690 ab
329 3632 405 3690 uero
417 3648 512 3714 quam
527 3626 568 3692 ab
587 3627 597 3692 i
625 3648 665 3691 ne
679 3628 809 3694 materia
845 3624 975 3691 rovenit
1016 3626 1105 3688 Aens
1125 3642 1207 3685 enum

86 3707 257 3776 humiditas
271 3711 414 3796 germina
430 3711 514 3780 louet
529 3713 561 3777 in
577 3648 689 3798 glebis,
708 3724 742 3779 et
760 3648 907 3800 producit
919 3709 950 3775 in
966 3707 1063 3788 soliis,
1083 3716 1116 3772 ct
1128 3704 1250 3770 mul-85

84 3792 209 3882 tiplicat
224 3795 255 3861 in
278 3795 437 3875 lhllicuhs3
464 3796 551 3863 calor
575 3819 649 3862 vero
664 3799 747 3885 ignis
762 3808 920 3866 maturare
937 3805 1057 3860 tantum
1073 3792 1158 3858 nouit
1178 3790 1209 3856 in

86 3880 206 3966 grauis.
228 3879 296 3945 sed
307 3904 380 3948 mox
393 3881 535 3949 Tiresias
545 3892 696 3949 caecatur
706 3882 866 3958 aJunons,
879 3879 929 3946 illa
944 3878 1089 3944 videlicet
1102 3897 1209 3953 causa,

85 3962 175 4050 quod
194 3964 304 4032 hiemis
321 3978 443 4117 tempus
463 3967 566 4034 nubilo
588 3969 669 4034 airis
689 3968 846 4054 caligante
863 3966 1033 4052 nigrescat
1062 3961 1209 4062 luppiter

86 4061 205 4131 tamem
229 4050 359 4137 singulis
399 4053 487 4118 iebus
501 4054 804 4142 quantuluscumque
824 4049 986 4118 hiemalem
1009 4059 1208 4134 asperitatem

86 4133 217 4213 leniens,
233 4138 384 4203 seminum
396 4152 535 4205 satorum
549 4138 686 4228 spondet
699 4139 807 4208 saltem
827 4149 860 4205 et
871 4137 961 4224 quasi
978 4135 1040 4224 jam
1056 4128 1251 4219 praedicitto

87 4232 283 4308 proventum.
326 4220 421 4289 Unde
443 4235 476 4291 et
496 4224 671 4291 futurorum
691 4224 822 4312 fingitur
841 4222 871 4288 ei
889 4219 1017 4286 dedisse
1036 4215 1208 4282 scientiam.

171 4306 203 4372 9.
244 4305 327 4373 Nam
349 4309 391 4373 oh
408 4307 491 4375 hanc
509 4330 576 4376 rem
589 4310 683 4376 etiam
696 4310 796 4376 Janus
813 4308 933 4374 hilrons
949 4303 1101 4393 pingitur,
1122 4298 1208 4399 quod

88 4384 1210 4568 uutnunun„lut„annuerunt

87 4571 150 4627 stat
177 4583 251 4629 esse
277 4559 428 4642 divisum,
465 4564 603 4651 ideoque
636 4561 771 4631 eundem
800 4560 1047 4651 quadrifrontem
1070 4556 1254 4643 pingunsu

89 4647 166 4712 huni
188 4658 293 4715 autem
314 4671 386 4715 eum
409 4670 479 4717 esse
500 4648 661 4718 dominum
680 4672 733 4718 res
751 4647 802 4716 illa
823 4648 954 4738 prohat,
984 4638 1070 4730 quod
1102 4643 1143 4706 ah
1174 4661 1213 4705 eo
