2640 5130
336 580 616 683 marmur.
671 581 710 655 o.
766 579 912 657 e-a.
1107 582 1206 685 rra

58 766 149 858 quod
167 768 236 835 sola
256 777 364 834 terrae
383 766 515 834 materia
535 767 656 833 cunctis
676 767 717 832 eit
736 767 896 835 elementis
918 767 1092 836 obscurior.
1134 771 1189 837 ld-

61 856 167 932 eirco,
193 855 340 942 inqusm3
369 852 480 921 namsi
495 850 726 940 philosophicas
739 852 883 919 attendas
899 855 1046 935 rationes,
1064 853 1189 923 Luere-

61 941 124 1008 tius
145 960 188 1005 ex
206 938 319 1041 majqri
339 948 452 1027 parte,
471 948 506 1005 et
523 935 719 1038 aliiintegre
739 936 872 1041 docent,
893 939 1066 1041 inferqrum
1087 962 1190 1029 regua

60 1022 363 1187 ggqqqup
378 1021 1210 1209 retituet,attumuletur.

60 1196 118 1275 sit,
139 1216 161 1259 a
182 1194 265 1260 reris
285 1191 441 1280 theologis
462 1191 649 1279 requiratur.
691 1193 791 1259 Nobis
813 1194 945 1269 sullicit,
974 1195 1000 1262 si
1021 1202 1187 1284 poetaram

60 1281 218 1366 figmenta
239 1300 281 1346 er
299 1278 402 1367 aliqua
420 1286 512 1365 parte
532 1276 632 1344 minus
654 1279 790 1345 obscura
810 1277 990 1346 reddamus.

143 1366 176 1431 2
218 1364 312 1453 Ergo
332 1374 370 1430 ut
388 1361 512 1452 poetica
530 1372 712 1441 tractemus,
735 1374 768 1429 et
785 1364 1000 1453 philosophica
1014 1362 1186 1445 tradamus,

59 1463 181 1516 terrum
204 1448 304 1527 hauc,
324 1449 441 1535 inqua
461 1446 605 1524 risimus,
625 1448 742 1514 inferos
759 1470 831 1515 esse
842 1451 1042 1539 antiquorum
1060 1452 1186 1518 maximi

60 1534 239 1601 voluerunt.
278 1534 342 1602 Est
360 1533 442 1599 euim
462 1532 601 1598 omnium
622 1533 729 1598 infima
752 1534 957 1611 circulorum,
989 1535 1185 1623 planetarum
1195 1559 1229 1608 to

59 1619 208 1687 ridehcet
229 1618 307 1700 Vll,
334 1616 481 1697 Summi,
508 1616 614 1695 loris,
646 1618 772 1697 Martis,
799 1619 902 1701 Solis,
930 1620 1080 1701 Veneris,
1100 1623 1186 1688 Mer-

61 1705 142 1771 curii
161 1714 198 1771 et
216 1703 349 1783 umas,
368 1712 403 1769 et
427 1701 563 1768 duorum
588 1724 788 1790 magnorum.
829 1706 916 1771 Hinc
937 1715 1002 1785 est,
1031 1705 1119 1794 quod
1139 1706 1188 1772 di-

60 1791 162 1857 citur:
190 1788 241 1854 Et
262 1788 379 1854 novies
401 1787 490 1876 Styx
508 1784 684 1875 interfuso
700 1788 866 1859 cohaeret.
893 1788 978 1856 Nam
997 1790 1045 1857 lx
1065 1791 1189 1861 circulis
1303 1862 1308 1869 ,

61 1874 202 1963 cingitur
221 1885 318 1940 terra.
349 1872 442 1959 Ergo
462 1871 584 1950 omnia,
607 1894 690 1959 quae
711 1870 753 1936 de
772 1872 879 1942 inieris
895 1875 1072 1977 linguntur,
1093 1877 1188 1944 etiam

59 1961 93 2027 in
121 1959 217 2027 terris
246 1980 319 2025 essu
344 1956 629 2045 comprobabimus.
680 1957 825 2024 Primum
876 1959 910 2026 ui
938 1959 1100 2028 infernalia
1129 1962 1185 2028 de·
1193 1983 1227 2032 1⁶

59 2046 240 2133 scripsere,
266 2054 406 2132 quatuor
432 2041 464 2107 in
488 2040 615 2106 -iulerno
643 2042 773 2123 fluvios,
802 2043 832 2109 1.
889 2064 998 2126 acum,
1030 2047 1188 2136 Cocyton,

62 2130 354 2218 Phlegethontem,
384 2127 612 2204 Acherontem,
648 2137 681 2193 et
711 2128 850 2215 quintam
880 2128 1027 2218 paludem
1051 2131 1188 2221 Stygem

62 2216 185 2283 dixere.
224 2212 456 2302 Interpretatur
478 2222 584 2278 autem
604 2211 709 2278 Lethe
728 2211 869 2291 oblivio,
900 2216 1042 2304 Cocytos
1062 2215 1188 2294 luctus,

63 2298 268 2389 Phlegethon
281 2300 425 2377 ardens,
445 2297 591 2364 Acheron
609 2297 684 2361 sine
699 2297 833 2398 gortdio
845 2298 894 2363 rel
907 2298 1040 2378 salute3
1060 2298 1083 2369 ci
1105 2303 1187 2368 enim

62 2379 900 2537 tltltettdlttithiatradi?
922 2386 1231 2536 {illidium

61 2556 299 2644 ireupretstur.
341 2549 461 2617 Volant
487 2489 601 2618 autemy
621 2491 833 2617 Aehelontem
852 2517 894 2619 de
914 2493 983 2620 imrl
997 2554 1083 2622 nasci
1103 2556 1187 2623 'Par-

61 2654 152 2723 tsro3
180 2637 275 2739 hujus
294 2635 452 2701 aestuaris
472 2637 608 2726 Stygem
630 2656 755 2718 creare;
784 2635 826 2700 de
847 2639 951 2741 Styge
972 2640 1058 2708 nasci
1081 2642 1187 2731 Coey-

60 2740 126 2794 ton.
170 2724 275 2812 Cuyus
293 2721 340 2786 rei
362 2720 444 2786 haec
463 2733 513 2788 est
532 2720 739 2810 etymologia,
767 2721 842 2807 quin
868 2746 922 2812 qur
947 2736 1036 2792 neret
1054 2725 1187 2813 gaudio,

61 2810 156 2879 facile
182 2809 216 2874 in
243 2805 400 2873 tristitiam
428 2806 530 2883 cadit:
567 2806 692 2872 tristitia
727 2815 833 2873 autem
862 2806 961 2875 luctui
991 2809 1228 2891 viciua’estrao

59 2897 151 2963 hone
168 2903 276 2961 autern
293 2891 325 2957 in
341 2888 434 2956 terris
449 2892 569 2957 animos
582 2890 737 2958 humanos
751 2893 942 2960 conturbare
955 2895 1025 2983 quis
1044 2897 1187 2965 nesciatl

60 2984 151 3049 Sane
171 2980 352 3046 Acheronta
373 2986 498 3042 constat
517 2974 620 3042 locum
642 2996 714 3043 esse
740 2975 772 3041 in
792 2975 900 3060 ltalia,
931 2978 1018 3046 haud
1044 2980 1141 3069 longe
1168 3007 1189 3049 a

61 3068 167 3170 Bajis,
199 3063 361 3129 montibus
383 3058 523 3149 undique
550 3071 693 3148 septum,
727 3063 809 3127 adeo
835 3073 873 3129 ut
899 3083 1070 3152 numquam
1089 3066 1187 3134 solem

60 3154 120 3220 nim
148 3150 183 3215 iu
211 3146 344 3214 meridie
370 3146 471 3234 poenit
489 3146 642 3250 aspicere.
683 3144 775 3211 Loca
795 3146 907 3229 etiam,
932 3150 1066 3238 quaein
1087 3153 1188 3219 ricino

61 3249 153 3315 snut,
175 3229 286 3300 calidis
308 3242 341 3298 et
360 3229 550 3319 sulphureus
571 3230 660 3318 aquis
680 3239 811 3299 scatent.
843 3232 920 3299 Sine
940 3234 1061 3338 gaudio
1081 3249 1229 3313 sutemso

60 3324 179 3391 dicitur
199 3318 288 3385 locus
308 3315 376 3395 ille,
396 3315 483 3405 quod
504 3315 717 3383 necromantia
737 3315 972 3391 etaciomantsa
989 3319 1032 3385 ibi
1046 3324 1188 3387 exerceri

60 3413 314 3481 consueverant,
338 3401 510 3488 qnaesine
527 3400 660 3469 hominis
680 3400 839 3468 occisione
859 3424 922 3470 non
941 3405 1071 3471 fiebant.
1103 3406 1187 3475 Nam

59 3506 93 3562 et
114 3498 242 3559 Aeneas
258 3487 320 3553 illic
338 3486 447 3553 occiso
468 3484 608 3570 Miseno,
638 3497 672 3553 et
698 3486 806 3554 Ulixes
825 3490 934 3557 occiso
955 3489 995 3555 El
1018 3512 1116 3558 enore
1136 3515 1188 3559 sa-

60 3603 117 3646 cra
137 3579 201 3643 ista
223 3571 398 3659 complevit.
440 3570 587 3661 Cocyto?
614 3592 742 3659 quoque
767 3571 855 3640 locas
882 3585 932 3641 eet
952 3514 1120 3644 deierouti
1143 3578 1186 3642 vi·

60 3667 173 3814 einusa,
203 3681 261 3810 ng
278 3659 372 3807 etqqum
389 3656 739 3808 p‘pseqqndseqrneqqusiqlm
756 3655 877 3808 ἑίἱοίωτι
893 3659 1079 3761 luctuosua.=
1144 3744 1165 3810 d
1191 3682 1227 3734 au

167 3794 176 3813 ,
776 3766 795 3805 0
830 3766 999 3823 voumme,
1066 3768 1108 3812 uo
1167 3769 1186 3812 e

60 3835 162 3901 sacris
183 3831 209 3895 A
256 3765 413 3916 ylyitiorum
434 3837 563 3907 tractat,
594 3830 679 3933 circe
706 3837 877 3895 extremam
898 3831 1034 3934 Aegypti
1043 3771 1186 3934 qpurtem

57 3942 133 4071 tt?
154 3912 1060 4080 ”illuditisillut.ttlhtrtlttittt
1073 3917 1187 4069 ‘litt

57 4088 222 4177 'l'yplrone
242 4083 357 4160 occisi,
386 4093 457 4169 post
484 4081 610 4170 longam
630 4082 859 4169 inquisitionem
880 4087 920 4151 ab
942 4086 1105 4175 Aegyptiis
1136 4109 1225 4160 re-ro

98 4187 170 4251 rus,
197 4168 328 4239 tandem
349 4178 422 4233 suot
439 4168 597 4234 tumulata.
639 4169 733 4234 Ilaec
753 4168 859 4255 palus,
891 4172 978 4259 quod
998 4174 1186 4239 transeunti-

56 4196 118 4325 leus
149 4254 308 4325 tristitiam
337 4251 459 4339 gignit,
496 4253 575 4355 Styx
607 4254 722 4320 meruit
759 4254 916 4341 appellari
969 4257 1106 4324 Lectum
1137 4268 1187 4326 est

57 4346 172 4422 etiarn,
204 4338 293 4429 qood
321 4336 424 4425 populi
452 4336 543 4402 ricini
570 4336 725 4405 cadavera
750 4360 878 4406 suorum
908 4339 948 4407 ad
978 4340 1109 4409 alteram
1135 4365 1186 4407 re-

58 4450 188 4578 gionem
219 4445 278 4513 per
311 4420 457 4510 paludem
477 4420 558 4487 illam
587 4424 716 4490 navibus
744 4421 899 4491 delerant
952 4426 987 4492 Si
1017 4428 1086 4530 quis
1110 4450 1185 4494 reru

71 4540 90 4579 o

92 4527 140 4581 ste
161 4514 194 4578 ln
216 4507 313 4576 llutlu
356 4517 461 4584 ercet,
492 4519 564 4595 post
590 4520 717 4578 contum
749 4530 849 4615 nouos
876 4509 984 4579 ultima
1004 4533 1035 4578 et
1061 4512 1225 4602 persei-45,

57 4612 178 4667 surrtur.
223 4593 310 4661 Hinc
327 4530 489 4678 lirgilius:
