2640 5130
159 622 240 701 ssa
457 622 639 726 uyuogr.
666 623 719 697 u.
773 620 865 697 reo.
894 621 985 699 ror.

160 809 294 879 doceret
311 808 344 875 in
363 807 515 899 petriam,
544 807 711 885 Deianira,
740 811 849 879 videus
878 811 934 878 riri
959 811 1096 879 animum
1117 811 1290 880 6666116-

159 920 251 975 notu,
272 896 387 975 verita,
409 894 501 961 uoei
546 895 623 960 elles
648 897 878 983 praeferretur,
899 897 1050 978 Herculi,
1077 897 1289 985 ,1661666616-

160 994 290 1062 oaturo,
328 981 466 1048 tunicam
498 915 645 1066 picatam
677 978 765 1048 dedit
793 1003 851 1070 per
879 979 1028 1048 samolum
1057 984 1289 1072 perferendam.

159 1068 233 1145 Qua
261 1063 388 1134 indutus
417 1063 573 1131 Hercules
593 1086 689 1152 quum
717 1065 759 1130 66
780 1088 866 1133 aram
888 1069 1090 1144 accessisset,
1118 1071 1211 1136 vestis
1241 1070 1287 1135 in-

134 1151 272 1233 ⁶caluit,
306 1163 341 1218 et
373 1171 496 1217 veneno
534 1161 699 1217 contracta
729 1151 897 1218 visceribus
925 1154 1035 1220 haesit
1085 1153 1123 1218 In
1152 1155 1286 1219 maximo

157 1239 267 1326 itaquo
286 1235 431 1303 cruciatu
451 1255 549 1322 quom
570 1257 591 1301 a
611 1256 747 1324 corpore
768 1237 836 1326 ejus
857 1237 944 1305 aselli
967 1237 1131 1339 nequiret,
1152 1239 1286 1306 Licham

157 1319 307 1390 tamutu‘m
337 1320 475 1388 muueris
507 1341 598 1386 reum
625 1320 771 1387 Euboico
799 1322 877 1387 mari
897 1323 1057 1390 immersit.
1108 1324 1211 1396 Quem
1239 1327 1287 1390 in-

155 1408 284 1474 norium
303 1406 417 1495 culpae
435 1404 550 1472 'l'hetis
570 1405 663 1480 vertit
678 1406 709 1471 in
732 1407 904 1497 scopulum.
945 1407 1052 1483 Quum
1072 1419 1176 1474 autem
1201 1411 1283 1475 ller-

157 1491 244 1560 coles
271 1491 490 1567 intellexisset,
521 1486 564 1556 66
588 1491 682 1558 vitam
703 1513 823 1558 senon
844 1513 940 1581 posse
961 1491 1089 1567 reverti,
1120 1507 1152 1560 et
1175 1496 1285 1559 veneni

114 1578 339 1645 ¹⁰alliceretor
365 1574 531 1656 incendio,
546 1574 596 1642 'in
621 1577 723 1643 Aetna
749 1588 857 1644 monte
880 1599 917 1643 ro
965 1600 995 1644 m
1015 1576 1186 1644 voluntarie
1207 1602 1283 1643 oon-

46 1698 53 1710 ·
154 1660 296 1746 scendit,
316 1672 350 1730 et
369 1661 417 1730 sic
436 1662 518 1728 inter
540 1656 619 1727 deos
636 1659 804 1731 translatus
825 1672 885 1730 est.
964 1662 1083 1730 6666166
1107 1666 1282 1753 66666166-

155 1748 271 1816 minem
296 1748 329 1816 iu
358 1748 460 1814 Aetas
486 1755 595 1815 moute
621 1743 814 1834 deponeret,
846 1744 1032 1823 Philocteti,
1057 1749 1112 1835 qui
1147 1749 1205 1814 luit
1240 1750 1282 1816 de

101 1852 105 1859 “
153 1833 310 1903 Meliboea
330 1831 455 1900 civitate
475 1828 678 1909 Thessalus,
704 1830 854 1900 Poeantis
875 1832 958 1912 lilio,
986 1832 1027 1899 de
1047 1834 1191 1899 omnibus
1212 1837 1284 1902 reli-

153 1919 235 2008 quiis
256 1919 321 1986 suis
348 1913 517 1995 intimavit,
548 1926 583 1984 et
607 1938 648 1983 ue
676 1913 769 1984 alicui
797 1917 840 1983 66
867 1939 1003 2008 corpore
1031 1940 1090 1985 666
1117 1918 1282 2000 indicaret,

112 2011 227 2073 ileum
241 2003 353 2095 jurare
373 1999 540 2091 compulit,
560 1999 653 2090 eique
671 2023 731 2089 pro
752 2023 882 2069 munere
901 2003 1053 2089 sagittas,
1075 2004 1196 2093 hydrae
1211 2008 1282 2074 selle

151 2090 284 2172 tinetas,
313 2087 451 2158 tradidit
492 2086 613 2154 Postea
639 2087 781 2178 'l'rojano
808 2086 888 2153 hello
916 2110 1100 2177 responsum
1124 2103 1190 2167 est,
1221 2118 1281 2158 sa-

178 2175 257 2240 ittis
288 2172 455 2241 Herculis
484 2193 504 2233 ο
528 2194 570 2235 us
600 2193 671 2236 esse
718 2174 767 2237 ad
808 2172 933 2255 ijae
976 2177 1279 2260 expugnationem.

147 2197 297 2327 inventos
328 2260 436 2344 itaque
462 2255 492 2321 P
514 2255 657 2324 lluctetes
694 2277 790 2345 quum
821 2258 921 2344 primo
948 2271 1098 2346 negaret,
1136 2282 1189 2338 se,
1224 2264 1279 2328 uhi

148 2343 308 2411 Hercules
330 2353 429 2418 esset,
456 2338 556 2418 seire,
581 2339 709 2408 taudem
737 2342 901 2409 confessus
922 2355 986 2420 est,
1018 2355 1176 2411 mortuum
1197 2370 1278 2414 esse.

106 2428 230 2497 solado
258 2450 356 2516 quum
382 2424 498 2530 aeriter
520 2423 784 2523 adiudicandum
808 2429 875 2530 ejup
896 2428 1074 2516 sepulcrum
1095 2446 1277 2517 cogeretur,

147 2512 1276 2687 tltttlftzt.tlttnttlatt¹!⁰‘.llttt...¹l:lttttttlt

146 2683 178 2749 in
206 2683 306 2771 pede,
337 2705 401 2770 quo
429 2694 629 2782 percusserat
656 2683 819 2749 tumulum.
875 2684 968 2770 Ergo
996 2705 1096 2835 pluum
1118 2701 1274 2836 putorem

145 2767 324 2834 insanabilis
344 2766 478 2833 vulneris
501 2766 618 2833 Graeci
641 2767 807 2834 serre'non
828 2781 974 2856 possent,
1019 2770 1050 2834 ‘u
1063 2773 1115 2858 qui
1140 2796 1273 2841 emeum

103 2876 205 2942 „pro
226 2852 346 2919 oraculi
366 2849 555 2918 necessitate
574 2852 723 2930 6666666,
744 2852 871 2921 taudem
893 2852 977 2943 apud
991 2855 1147 2922 Lemnum
1168 2860 1275 2925 subla-

145 2938 185 3007 tis
212 2938 403 3027 reliquerunt
432 2935 566 3022 sagittis.
607 2938 673 3004 Hic
724 2951 813 3007 ostea
839 2938 973 3004 horrore
1000 2941 1047 3006 sui
1077 2943 1209 3011 vulneris
1231 2944 1273 3011 ad

143 3025 277 3115 patriam
298 3022 403 3090 redire
423 3021 578 3107 neglexit,
597 3021 656 3089 sed
675 2960 732 3087 stit
754 3046 880 3113 parvom
903 3023 1045 3091 Petiliam
1058 3028 1089 3092 in
1105 3029 1273 3096 Calabriae

143 3109 286 3197 partibus
308 3109 392 3176 lecit
419 3105 515 3174 Dicta
533 3117 639 3173 sutem
660 3107 793 3188 Petilia,
813 3106 899 3196 quod
923 3120 995 3212 post
1011 3110 1151 3181 relictum
1171 3114 1272 3197 liium,

143 3218 208 3284 qoo
229 3193 407 3262 ducebatur
425 3212 447 3259 6
467 3190 619 3275 Graecis,
639 3214 710 3262 cam
727 3194 854 3282 petivit
876 3194 1040 3264 cintatem.

100 3432 138 3490 ,0
285 3380 379 3460 166.
431 3380 624 3487 Asylum
659 3398 867 3488 nepotum
898 3388 1131 3467 Herculis.

162 3599 171 3618 ·
225 3514 402 3620 Postquam
436 3512 593 3618 Hercules
618 3515 766 3602 migrarit
793 3538 813 3582 e
839 3517 947 3596 terris,
963 3601 972 3618 .
988 3520 1040 3586 filii
1073 3533 1271 3614 nepotesque

141 3622 209 3704 ‘³¹¹⁹
242 3601 388 3704 naam,
402 3622 496 3748 0⁰⁰⁸
509 3602 924 3753 tttttttlll'i‘tlt
948 3613 1126 3757 imiiiir'.
1140 3610 1270 3762 i¹hi¹¹³⁸

141 3689 491 3871 pplprepptomppecapptppp,
514 3710 775 3919 upanuooumqtio
795 3708 1081 3920 prtmtnegile'osuad
1101 3715 1269 3847 1666616ῗ

99 3857 1270 4032 ’66611611116666663,6116616616,ῑὲ

140 4028 281 4114 resipuit.
320 4024 451 4092 Dictum
486 4037 592 4092 autem
622 4025 727 4094 volunt
755 4025 892 4114 asylum,
924 4031 1012 4116 quasi
1043 4056 1063 4099 6
1091 4055 1158 4098 non
1191 4047 1269 4101 tro·

141 4111 250 4213 henric
270 4109 448 4209 66666666.ο
469 4108 545 4175 Η66
564 4122 669 4178 autem
690 4110 849 4196 religionis
864 4112 919 4202 jus
941 4136 1005 4180 666
1024 4117 1106 4186 inest
1123 4119 1268 4190 omuibus

141 4195 284 4285 templrs,
311 4192 370 4263 sed
396 4194 510 4282 quibus
530 4217 716 4264 concessum
738 4209 788 4264 est
807 4195 882 4287 lego
902 4205 1155 4272 consecrationis.

98 4442 135 4492 40
500 4399 593 4478 16⁷.
644 4407 912 4487 Phorcus.

226 4528 389 4631 Phorcus,
416 4528 572 4632 'l'hoosse
598 4528 631 4601 N
653 4536 766 4626 mphae
791 4552 823 4609 et
845 4540 986 4633 Neptuni
1008 4542 1107 4621 lilios,
1130 4563 1186 4609 rex
1210 4539 1268 4610 tots

142 4614 294 4683 Corsicae
325 4626 357 4682 st
384 4614 558 4686 Sardiniae.
617 4557 681 4697 661
713 4647 810 4713 quum
837 4628 879 4697 oh
907 4627 1030 4700 struto
1058 4648 1137 4716 rego
1166 4628 1265 4696 naroli
