2640 5130
152 281 185 335 rr
566 281 860 368 enooeuuuu.

148 453 392 552 perlustranti,
437 465 508 527 tres
542 453 601 526 alii
618 455 764 553 ‚antiqui
797 450 1042 554 mpdhographi
1073 451 1277 553 deprehensi

148 566 251 648 sunt3
286 580 374 653 quos
394 556 474 653 qnia
495 558 579 629 satis
605 554 715 628 bonos
739 567 775 628 et
796 555 948 628 eruditos
971 554 1148 646 videbam,
1182 556 1278 654 typis

148 654 326 755 divulgare
347 656 496 729 decrevi.
549 658 692 729 Primus
709 654 981 756 mytlrographns
1000 658 1038 729 in
1053 682 1124 730 uno
1142 667 1279 729 tantum

146 757 340 831 Svecorum
373 758 456 830 olim
487 759 664 857 Reginae,
705 784 800 830 nunc
832 761 1013 850 vaticano,
1054 757 1174 832 codice
1205 768 1274 848 est,

146 858 367 934 membraneo
409 872 606 957 pervetere,
658 857 757 958 cujus
793 860 935 958 scriptio
973 859 1018 931 ad
1052 859 1094 933 X
1127 858 1183 931 vel
1216 858 1278 932 xl

147 956 283 1033 Christi
310 961 484 1034 saeculnm
514 960 693 1034 referenda
718 961 868 1034 videtur.
929 960 1114 1036 Secundus
1138 958 1276 1059 mytho·

145 1060 301 1159 graphas
330 1065 367 1135 in
398 1062 518 1135 eodem
551 1061 669 1136 codice
695 1062 853 1162 Reginae
884 1073 939 1135 est
970 1058 1066 1162 (nam
1094 1060 1139 1135 de
1166 1061 1276 1136 altero

145 1163 331 1261 exemplari
351 1163 441 1235 iulia
461 1161 614 1263 loquar),
642 1189 748 1234 manu
763 1176 877 1237 tamen
897 1164 1086 1262 posteriore
1100 1173 1272 1257 exaratus,

145 1262 193 1334 ita
219 1276 258 1336 nt
281 1263 355 1362 ejus
382 1265 554 1361 scriptura
578 1267 747 1337 recentior
775 1291 846 1338 nno
874 1263 1013 1338 saeculo
1041 1290 1145 1363 quam
1171 1264 1276 1361 primi

145 1364 316 1437 credenda
340 1367 396 1438 sit.
430 1424 433 1431 .
450 1367 591 1438 Tertius
609 1364 888 1465 mythographus
913 1391 958 1438 eu
977 1365 1096 1441 codice
1116 1367 1276 1439 vaticano

145 1465 261 1563 prodit
290 1465 529 1561 membraneo,
573 1466 701 1540 saeculi
728 1477 878 1565 utputo
905 1466 1005 1561 ΧΠ,
1044 1468 1101 1540 cni
1125 1464 1274 1540 Pulvius

143 1565 296 1639 Ursinus
320 1568 494 1666 quondam
521 1566 680 1642 dominus
706 1566 797 1640 hanc
824 1565 1046 1667 epigraphem
1077 1593 1141 1640 sna
1168 1592 1275 1639 manu

143 1665 248 1740 l'ecit:
294 1668 512 1743 Incertus
552 1668 605 1743 de
647 1668 735 1742 diis
778 1671 993 1769 gentium.
1062 1662 1270 1741 bled-''Urs

143 1766 243 1840 Idem
275 1780 389 1843 tamen
419 1773 456 1842 in
487 1770 556 1843 alio
585 1771 686 1843 etiam
719 1768 940 1843 membraneo
963 1769 1122 1870 Reginae
1152 1767 1273 1843 codice

143 1872 309 1963 occurrit,
332 1871 394 1944 sed
409 1870 545 1943 duobus
561 1870 669 1943 lerme
682 1869 828 1944 saeeubs
847 1871 1049 1964 recentiore,
1072 1870 1133 1970 qui
1148 1865 1271 1943 Athri-

143 1997 223 2043 cum
256 1996 395 2071 quoqne
429 1974 602 2066 continet,
650 1983 686 2045 et
718 1973 867 2045 vaticani
904 1971 1033 2045 codicis
1069 1970 1273 2047 tractatibus

142 2071 251 2166 xlv,
285 2075 443 2170 quintum
469 2073 639 2155 decimum
669 2072 765 2147 addit
789 2073 832 2146 dc
856 2070 988 2147 zodiaci
1009 2073 1138 2172 signis:
1168 2098 1273 2169 quem

141 2183 323 2245 hactatnm
344 2173 496 2273 ejusdem
519 2201 595 2248 esse
616 2176 786 2263 auctoris,
814 2173 872 2247 hic
891 2199 974 2248 sane
995 2172 1116 2248 suadet
1136 2173 1269 2267 codex,

143 2272 206 2346 sed
241 2273 335 2347 hand
367 2278 440 2349 scio
475 2302 520 2347 an
553 2287 656 2375 neget
691 2275 794 2376 paulo
826 2275 990 2349 incultius
1021 2273 1167 2348 fortasse
1200 2275 1271 2348 stili

140 2399 264 2475 genus.
327 2378 465 2450 Rursus
493 2379 629 2450 tertium
654 2376 946 2478 mythographnm
970 2379 1082 2474 reperi
1106 2378 1207 2448 etiam
1231 2379 1270 2449 iu

141 2476 292 2572 palatino
322 2476 526 2572 chartaceo,
561 2477 622 2550 ubi
649 2493 762 2552 tamen
790 2478 1002 2551 desideratur
1028 2488 1193 2549 tractatus
1225 2476 1268 2551 de

139 2577 308 2671 Pallade,
346 2579 473 2651 nedum
499 2592 694 2678 postremus
720 2580 763 2654 de
794 2581 947 2653 zodiaco.
1007 2580 1168 2676 Denique
1192 2604 1268 2678 my·

140 2676 327 2778 tlrographi
354 2682 444 2754 tertii
470 2680 732 2781 compendium,
768 2683 853 2779 ipsis
880 2678 1104 2780 protographi
1127 2681 1269 2752 retentis

139 2776 276 2872 verbis,
315 2782 352 2853 in
384 2783 544 2856 vaticano
573 2781 722 2880 quodam
750 2779 969 2854 membraneo
1000 2806 1144 2881 maguae
1168 2779 1270 2854 molis

137 2878 360 2954 historiarum
385 2885 558 2956 variarum
583 2882 703 2955 codice
728 2883 963 2955 continetur.’'

212 2982 264 3054 Π.
310 2985 487 3057 “Primus
520 2981 793 3083 mytlrographus
828 2984 969 3081 quinam
1005 2981 1110 3055 homo
1147 2983 1265 3077 luerit,

137 3083 317 3156 manifeste
346 3085 432 3158 dicit
459 3083 646 3184 epigraphe
673 3083 828 3157 seeundo
854 3081 944 3156 libro
971 3085 1008 3156 in
1036 3084 1156 3159 codice
1185 3084 1267 3158 sub·

130 3180 247 3282 jecta:
281 3185 441 3259 Emurcrr
469 3186 576 3258 Lmen
601 3185 773 3259 Suensnus
812 3184 870 3258 ·C·
893 3185 1021 3256 Iliona
1051 3185 1264 3261 Formas.

136 3283 257 3381 Atque
277 3285 363 3360 haec
385 3288 585 3386 inscriptio,
614 3298 653 3359 nt
671 3283 902 3359 fabulatorem
922 3311 1017 3358 more
1031 3284 1106 3382 jam
1127 3286 1264 3386 loquar,

73 3386 78 3419 ³
137 3383 329 3459 discordiae
360 3387 467 3460 veluti
497 3414 639 3485 pomum
670 3399 723 3460 est
751 3386 845 3486 quod
876 3389 914 3460 iu
941 3384 1152 3460 eruditorum
1183 3414 1265 3461 eon·

135 3512 271 3559 sessum
306 3487 459 3587 jacitur,
505 3498 545 3561 ut
581 3487 662 3560 inde
697 3487 848 3582 bellum,
895 3491 926 3560 si
963 3514 1032 3560 non
1067 3501 1263 3583 cruentum,

135 3586 336 3661 diuturnum
376 3601 467 3662 certe
505 3587 670 3686 dubiique
711 3592 823 3663 exitus
858 3589 1072 3677 eventiletur.
1146 3589 1267 3681 Quum

134 3691 226 3760 enim
242 3691 426 3789 Hyginum
447 3689 631 3786 quemdam
653 3691 690 3761 in
710 3692 884 3789 impressis
904 3690 1001 3763 libris
1014 3689 1150 3789 jamdiu
1171 3691 1265 3788 lega·

133 3816 234 3883 mus,
267 3793 328 3890 qui
353 3817 373 3862 a
397 3792 554 3863 vaticano
579 3801 701 3866 nostro
724 3803 817 3864 totus
838 3791 998 3884 dissidet,
1030 3804 1106 3864 uter
1127 3792 1266 3890 Hygini

133 3918 258 3965 nomen
288 3894 405 3963 verius
434 3902 600 3989 occupet,
637 3890 732 3969 hand
764 3895 933 3967 immerito
961 3904 1001 3964 ut
1032 3903 1117 3991 puto
1146 3893 1264 3990 dispu-

133 3989 273 4065 tabitur.
328 3993 453 4067 Varias
479 4017 584 4090 super
605 3993 697 4067 edito
717 3994 864 4094 Hygino
884 3996 1062 4068 doctorum
1086 3993 1265 4066 hominum
1312 4040 1314 4057 1

132 4096 317 4167 sententias
346 4104 449 4188 atque
479 4095 695 4191 quaestiones
730 4097 789 4168 vix
820 4122 1010 4169 memorare
1043 4096 1171 4168 nedum
1209 4121 1264 4167 re·

134 4218 273 4268 censere
307 4192 448 4287 licebit,
496 4195 564 4267 nisi
597 4197 676 4294 quis
711 4221 820 4295 prope
854 4197 1008 4270 infinitus
1042 4222 1118 4270 esse
1147 4197 1260 4269 voletz

132 4319 241 4394 quare
280 4297 427 4372 lectores
474 4293 521 4368 ad
565 4295 813 4396 amplissimam
854 4296 1036 4375 Stavereni
1079 4297 1262 4373 editionem
