2640 5130
268 644 271 649 .
326 564 505 671 Mythogr.
537 565 608 641 111.
663 561 703 635 2.
765 559 906 637 1-2,
1102 562 1180 637 157

55 754 104 821 ias
135 752 223 841 prim
258 745 419 829 viderant,
467 767 530 812 nec
570 744 657 834 prius
700 766 755 810 aas
792 742 932 811 extitisse
972 741 1182 814 crediderant

55 842 166 914 Quum
194 850 302 903 nmen
337 828 478 901 Mendes
505 831 549 896 de
579 830 763 918 antiquitate
791 851 862 894 curn
898 830 1081 919 Phrygibus
1112 853 1183 896 cer·

55 936 180 1000 tarent,
234 916 378 1007 singulos
407 916 565 1006 ,parrulos
605 937 677 982 curn
713 913 845 1000 singuiis
881 916 1071 996 nutricibus,
1113 917 1181 1003 qui-

56 1011 120 1076 bus
138 1007 267 1093 linguas
297 1001 497 1077 ademerant,
527 999 723 1078 clauserunt,
754 1012 791 1065 ut
810 1001 1045 1085 experirentur,
1077 1011 1181 1067 utrum

55 1117 120 1161 vox
140 1106 215 1159 nats
235 1100 353 1164 esset,
372 1110 412 1153 au
433 1086 609 1154 disceretur
616 1108 629 1162 3
660 1095 692 1150 et
720 1082 745 1150 si
766 1096 851 1150 esset
870 1085 994 1162 innata,
1025 1109 1205 1173 quaenams

57 1190 165 1256 esset,
192 1174 362 1264 Phrygum
388 1194 430 1239 sn
451 1167 619 1239 Arcadum.
676 1165 830 1235 Producti
858 1192 936 1235 vero
967 1172 1056 1257 pueri
1086 1165 1185 1256 βεκός

56 1264 159 1331 locuti
191 1280 264 1326 esse
296 1258 465 1336 diormtur,
509 1277 573 1343 qua
606 1253 838 1339 significatione
869 1255 1048 1404 Phrygum*
1075 1255 1184 1342 lingua

53 1346 166 1437 panis
186 1342 381 1432 inteiiigitur.
420 1341 578 1428 sicergo
599 1361 638 1405 co
685 1338 762 1404 itum
784 1351 850 1420 est,
868 1342 951 1406 Arca
973 1363 1008 1406 es
1029 1362 1091 1407 non
1113 1364 1185 1408 esse

60 1431 267 1520 primigenas.
307 1422 405 1501 Quod
425 1437 530 1494 autem
551 1428 632 1491 Arca
657 1446 692 1490 es
714 1422 832 1492 nobiles
851 1422 927 1491 dicti
947 1424 1183 1504 sunt,aiiunde

56 1529 195 1585 tractum
226 1525 284 1581 est.
325 1510 441 1578 Refert
483 1510 567 1576 euim
597 1506 804 1611 Thucydides
839 1507 919 1576 libro
945 1512 1065 1598 primo,
1096 1511 1225 1583 hunero

57 1624 183 1670 morem
203 1596 340 1666 Graecis
363 1595 478 1674 fuisse,
509 1607 546 1662 ut
567 1594 670 1677 coacti
691 1616 721 1659 m
743 1593 858 1661 alienas
878 1595 926 1660 ire
947 1607 1069 1677 terras,
1102 1618 1181 1685 quas

59 1686 180 1754 tersites
200 1705 273 1749 esse
294 1704 334 1748 co
381 1690 530 1759 overent,
559 1678 686 1746 easdem
708 1678 867 1745 veteribus
887 1679 996 1746 incolis
1016 1692 1182 1749 restarent.

58 1770 130 1839 Sed
146 1767 287 1837 Arcades
356 1766 365 1785 ‘
388 1766 431 1832 ob
453 1764 647 1832 sterilitatem
670 1784 823 1850 agrorum
844 1765 992 1833 commoti
1015 1788 1078 1832 non
1098 1779 1184 1845 sunt,

57 1868 93 1925 et
116 1853 210 1937 ideo,
237 1852 356 1943 inquit,
393 1849 514 1918 nobiles
534 1850 759 1917 existimantur.

436 1992 477 2071 2.
531 1996 798 2099 Cybele.

142 2120 174 2185 1.
214 2116 321 2199 Uxor,
338 2113 477 2181 Saturno
522 2126 624 2182 mater
664 2116 797 2183 deorum
832 2112 1023 2182 decernitur.
1087 2114 1225 2187 Hancrs

61 2201 182 2271 cusu
203 2200 350 2278 Rbeam,
372 2199 419 2265 rei
436 2199 697 2302 Berecynthiam,
718 2200 765 2266 rel
786 2199 955 2289 Cybeiem;
983 2199 1088 2268 Latini
1109 2224 1185 2268 nero

57 2292 165 2380 Opem
195 2284 363 2375 appetunt
413 2285 446 2351 0
512 2284 627 2371 igitur,
667 2300 702 2353 ut
730 2287 863 2353 innuere
889 2282 1014 2352 ridetur
1042 2286 1184 2363 Servius,

56 2374 146 2442 idem
164 2370 295 2447 iastius,
324 2365 412 2458 quod
466 2390 561 2436 raece
581 2372 674 2438 Rhea
697 2382 797 2439 sonat.
846 2372 922 2436 Hoc
942 2383 1047 2438 autem
1069 2393 1183 2438 nomen

57 2483 99 2526 ex
128 2480 187 2537 so,
228 2466 266 2523 ut
291 2456 337 2521 nit
363 2452 572 2541 Fuigentius,
605 2456 716 2524 sortita
745 2465 814 2536 est,
856 2452 943 2543 quod
974 2455 1183 2524 esurientibus

58 2545 192 2631 frugum
221 2538 392 2643 isrgitione
418 2539 568 2627 opitulata
600 2553 659 2609 est
715 2540 961 2631 Berecynthiam
989 2561 1065 2608 vero
1090 2542 1225 2631 justaao
1308 2620 1311 2625 ⁵

57 2627 198 2696 anderu
219 2625 284 2693 Bet
303 2622 468 2692 voluerunt
487 2624 576 2712 quasi
598 2623 769 2690 montium
788 2625 976 2689 dominam.
1017 2624 1096 2692 Ideo
1117 2651 1183 2693 rna-

57 2726 141 2783 trem
161 2711 313 2787 deorum,
348 2706 437 2796 quod
458 2708 501 2775 dii
523 2731 582 2799 per
607 2709 786 2798 snperbiam
807 2709 882 2775 dicti
902 2720 993 2791 sunt;
1023 2723 1056 2778 et
1075 2734 1131 2777 eos
1152 2712 1184 2778 in

58 2799 198 2888 Olympo
229 2794 375 2863 habitare
410 2794 500 2881 quasi
532 2795 674 2862 excelsos
708 2816 747 2859 ao
781 2795 943 2882 superbos.
1002 2794 1184 2865 Daemones

57 2884 180 2961 maus,
216 2878 304 2968 quod
331 2874 447 2946 multos
474 2879 640 2967 subigere,
677 2890 710 2947 et
738 2877 796 2945 soti
823 2900 921 2967 super
950 2881 1082 2982 populos
1111 2905 1185 2950 esse

56 2968 259 3036 smdueruut.
307 2960 392 3029 Nam
419 2963 527 3051 δῆμος
552 2963 721 3052 papium,
758 2962 806 3039 sic
835 2986 926 3028 unus
952 2978 1226 3055 rnrerpretaturas
1312 3022 1315 3027 .

56 3052 140 3122 Ideo
164 3062 199 3120 st
217 3046 305 3140 apud
325 3046 507 3127 Romanos,
541 3049 656 3136 inquit,
690 3045 850 3135 indigetes
877 3049 965 3135 quasi
994 3051 1103 3115 nullis
1124 3053 1185 3116 in-

54 3139 220 3227 digentes
246 3130 451 3224 appellantur.
491 3132 660 3221 Remigius
685 3143 795 3224 tamen
831 3130 906 3200 alias
938 3134 1027 3223 ponit
1054 3134 1183 3202 daemo-

56 3244 134 3289 num
154 3218 438 3311 intepretationes.
478 3215 660 3285 Daemones
682 3219 780 3295 enim,
809 3216 927 3306 inquit,
962 3218 1037 3287 dicti
1065 3233 1137 3288 sunt
1164 3245 1185 3288 s

55 3308 248 3409 θημῠχος,
273 3301 308 3371 id
327 3313 380 3370 est
402 3302 645 3391 aprinciputu
670 3302 813 3391 populi,
841 3302 889 3368 rei
916 3299 1106 3384 doemones,
1136 3305 1184 3371 in-

56 3404 144 3480 quit,
176 3388 254 3456 dieti
274 3386 365 3477 quasi
385 3386 566 3467 diamones,
583 3387 632 3453 ·id
653 3397 702 3455 est
730 3385 848 3452 omnia
876 3387 1040 3467 scientes,
1071 3401 1226 3478 utpoteso

57 3475 160 3545 nuntii
186 3473 261 3572 dei,
295 3494 377 3563 quos
406 3471 512 3539 Latini
531 3471 753 3537 medioximus
784 3470 974 3549 vocitarunt,
1012 3472 1046 3540 id
1074 3477 1184 3543 estin

56 3562 171 3627 medio
182 3567 324 3647 positos.
363 3554 580 3624 Medionemus
593 3556 674 3622 onim
687 3552 802 3622 dicitur
816 3556 907 3644 quasi
920 3555 1054 3624 medius
1064 3559 1184 3648 proxi·

56 3665 155 3727 mru3
191 3645 275 3709 inter
302 3640 398 3708 deum
433 3662 569 3729 namque
602 3640 821 3728 hominemque
852 3641 1039 3711 discurrunt
1101 3646 1185 3712 Sunt

58 3730 140 3797 euim
163 3730 290 3795 numina
307 3727 411 3815 abque
428 3737 548 3793 tantum
569 3726 733 3805 caelestia,
758 3726 861 3814 aliqua
874 3737 996 3793 tantum
1012 3731 1183 3809 terrestria,

57 3815 162 3903 sbqua
177 3812 293 3890 medin,
329 3834 388 3878 uos
398 3810 478 3877 deos
489 3810 635 3900 Apuiejus
654 3809 859 3877 medioximos
878 3824 979 3879 voest.
1010 3813 1056 3879 Hi
1075 3826 1225 3886 autemst»

57 3912 149 3977 suut,
185 3910 225 3965 ut
251 3898 297 3964 ait
366 3896 465 3976 rrius,
502 3896 556 3983 qui
584 3919 623 3962 es
653 3895 828 3963 hominibus
859 3894 901 3962 dii
924 3896 1000 3964 sacti
1020 3909 1109 3979 sunt,
1141 3898 1184 3966 de

57 3980 236 4075 cry'usmodi
255 3982 383 4049 numine
403 3980 458 4046 Vir
482 3979 566 4048 ‘lium
600 3979 716 4048 dixisse
745 3980 865 4051 roiuut:
901 3981 1117 4049 Communem
1142 4008 1184 4050 ue

56 4078 174 4135 vocate
205 4066 326 4146 ἅιιιηι,
359 4067 533 4133 Hercuem
563 4064 709 4135 videlicet
744 4064 787 4133 de
817 4065 943 4133 homine
978 4008 1184 4136 immortaiem

56 4153 186 4222 iactum.
230 4148 299 4217 Sed
320 4148 362 4217 de
382 4149 429 4216 his
449 4150 531 4216 aiibi.
794 4168 801 4177 ·

136 4239 171 4305 2
212 4236 456 4325 Berecynthiam
477 4236 572 4302 etism
587 4234 721 4315 Graeci,
749 4235 833 4302 utin
850 4234 1011 4323 Fuigentii
1030 4236 1225 4326 dogmatero

58 4320 172 4393 hirtius
193 4342 367 4400 versemur,
388 4317 477 4410 quasi
496 4318 595 4385 verni
614 4315 745 4396 niveos
764 4317 927 4402 dixerunt3
948 4316 1080 4401 niveos
1101 4326 1183 4391 enim

57 4406 162 4495 lingua
189 4406 297 4475 Attica
317 4403 390 4494 flos
416 4409 626 4494 nuncupatur.
684 4402 777 4472 Unde
808 4400 1040 4481 esttamen
1070 4407 1184 4477 dicitur

77 4494 144 4560 ussi
170 4487 238 4569 sirie
262 4482 395 4565 sdrdoc
414 4487 454 4555 ‘id
475 4501 525 4558 est
547 4488 640 4552 solus
659 4488 748 4577 flos,
778 4487 924 4557 videlicet
945 4493 1090 4560 omnibus
1112 4518 1185 4599 yer-

69 4580 175 4648 secor.
218 4574 515 4663 acupenserem
545 4573 761 4663 Berecynthia
786 4575 817 4641 in
848 4577 976 4644 modum
1007 4593 1185 4666 potentiam
