2640 5130
130 656 207 752 rac
484 654 662 756 uyuoffr.
692 655 763 729 ιιι.
817 651 858 728 ι.
911 651 1054 728 a--a

211 835 241 903 3.
283 831 503 935 Haecetiam
532 832 687 922 conjugiis
716 847 749 905 et
777 834 933 939 partubus
974 855 1105 938 facesse
1124 789 1258 937 plicitum

131 919 216 1026 unde
247 931 281 986 et
312 938 438 987 numme
465 940 495 984 er
524 918 685 1068 complura
715 923 900 1072 attnpnparpt
920 923 1261 1078 Uarillusitemrpiailulm

132 1003 837 1196 intumum
858 1029 1170 1194 ...ann
1202 1094 1262 1161 1..

112 1171 1264 1349 ⁵llll?llatnltlltasstlffflta‘'tt‘',lillrllbtt

51 1356 56 1361 '
138 1343 249 1414 cundia
282 1342 520 1494 egiredientibus
545 1355 696 1429 purgem
716 1342 844 1432 februo
871 1347 953 1412 enim
975 1347 1117 1427 Graece,
1148 1347 1265 1416 Latine

135 1451 261 1531 purgo.
336 1429 389 1530 inc
409 1437 442 1493 et
465 1425 612 1492 Februus
634 1425 750 1497 dicitur
767 1429 879 1532 Pluto,
901 1431 976 1518 quia
996 1444 1122 1533 praeest
1141 1456 1263 1522 purga-

140 1517 277 1585 tiombus
305 1534 488 1581 ammarum.
533 1510 626 1576 Unde
647 1526 680 1585 et
699 1536 832 1593 mensu,
864 1537 895 1580 ιιι
922 1538 988 1602 quo
1014 1539 1188 1584 animarum
1211 1543 1267 1587 ex-

101 1621 135 1669 ta
164 1600 295 1666 tationes
316 1595 404 1700 apud
424 1596 570 1744 antipuus
593 1598 845 1695 celebrabantur,
867 1599 1065 1667 Februarius
1087 1615 1136 1670 est
1158 1607 1268 1694 appel-

142 1625 234 1752 latus.
276 1684 403 1750 Dicitur
430 1692 462 1746 et
512 1702 575 1747 uno
596 1683 797 1767 rutrodaca,
837 1684 925 1772 quud
961 1688 1116 1754 nubentes
1144 1693 1267 1776 puellas

143 1767 353 1834 introducat.
413 1763 538 1833 Dicitur
569 1765 778 1855 ιίοιιιοάιιςα,
812 1767 902 1856 quod
928 1770 1111 1837 addemus
1138 1777 1269 1844 marito·

142 1877 214 1921 rurn
250 1876 306 1919 eas
339 1849 505 1916 adducat.
568 1849 687 1917 Uaria
728 1853 824 1920 etiam
861 1854 980 1923 dicitur
1021 1856 1063 1921 ab
1097 1863 1270 1946 ungendo,

167 1936 233 2005 uod
259 1936 350 2005 variis
371 1933 544 2022 unguentis
566 1938 769 2023 ungebantur
789 1940 963 2017 nubentes,
984 1940 1031 2006 vel
1052 1941 1139 2028 quad
1159 1960 1270 2032 postes

107 1963 315 2091 telomorum
341 2045 364 2089 u
412 2023 508 2087 ebant
534 2018 769 2107 ingredientem
797 2021 885 2090 unde
912 2048 1029 2093 uxores
1049 2026 1139 2113 quasi
1160 2053 1273 2096 anso-

149 2131 202 2175 res
222 2107 324 2176 dictas
345 2114 461 2174 ruunt.
505 2101 642 2172 Olactr‘c
663 2129 727 2196 quo
750 2129 793 2174 ue
812 2131 832 2174 a
853 2110 1024 2197 cingendo
1039 2132 1099 2197 per
1111 2113 1272 2202 antiphra-

149 2195 197 2263 sin
218 2192 410 2283 appellatur,
438 2184 527 2290 pund
545 2187 614 2277 ipsa
637 2131 800 2295 cingulum
817 2194 970 2262 castitatis
991 2194 1135 2297 resolvat
1179 2201 1275 2299 doti-

151 2299 397 2431 titubet.
415 2271 762 2429 l⁰ltts..5¹.¹f⁰‘¹.l.”.
779 2300 900 2430 '‘tlt‘'
913 2279 1274 2436 ttltlffltfttt

111 2444 434 2599 ²⁰⁰[J'iindi--dllim‘
461 2440 612 2525 liberare,
638 2444 727 2533 quod
753 2458 786 2517 et
810 2470 921 2517 earum
950 2449 1065 2518 bellum
1088 2453 1275 2540 appelletur.

191 2554 253 2597 ne
304 2554 330 2596 ιι
356 2548 440 2594 uus:

242 2616 293 2682 At
315 2553 381 2678 nim
402 2611 439 2676 in
465 2607 633 2675 Venerem
654 2633 775 2699 segnes
795 2627 1031 2706 nocturnaque
1046 2615 1147 2689 bella.

157 2700 250 2770 Idem
269 2712 302 2766 et
321 2697 392 2765 alibi
412 2695 454 2761 de
475 2714 558 2782 equo
572 2695 713 2763 seniore:

586 2780 619 2843 si
645 2778 783 2869 qnando
813 2778 862 2845 aa
889 2779 1024 2868 proelia
1053 2797 1196 2854 ventum
1219 2800 1280 2874 est,

117 2883 154 2933 ιι
220 2867 401 2933 Incassum
415 2859 524 2947 sarit.

159 2951 279 3020 Dicunt
300 2960 333 3017 et
355 2947 513 3014 lunonem
521 2933 784 3036 Populoniam,
802 2945 890 3035 quod
916 2952 1059 3037 populos
1079 2954 1282 3045 multiplicem

161 3035 314 3105 Caritim
334 3033 447 3110 etism,
467 3029 502 3096 id
523 3041 572 3101 ea
592 3032 762 3120 regalem,
784 3033 832 3099 rel
844 3032 996 3119 sortem,
1027 3037 1074 3104 vel
1098 3052 1283 3141 potentem,

163 3120 210 3189 rel
227 3120 320 3211 juxta
344 3118 507 3197 Serrium,
537 3139 558 3182 a
584 3139 709 3197 curra,
740 3116 829 3220 quad
852 3117 1002 3189 bellantes
1023 3125 1169 3194 curatus
1191 3140 1283 3196 utan-

163 3217 234 3285 tur,
262 3205 378 3293 quibus
400 3213 433 3270 et
455 3201 506 3268 illa
525 3222 676 3291 praeesse
695 3201 820 3270 dicutur.

123 3318 160 3369 nn
247 3291 278 3359 4.
320 3289 407 3357 Sane
435 3286 511 3376 quia
538 3285 580 3353 de
607 3288 797 3356 nubentibus
825 3287 951 3375 egitur,
979 3290 1072 3360 limen
1107 3317 1163 3363 eas
1183 3299 1285 3366 Varro

164 3376 238 3445 idea
260 3375 304 3442 ait
325 3374 431 3446 solitas
452 3395 515 3439 nun
535 3385 686 3462 tangere,
720 3396 761 3440 ne
789 3396 810 3441 a
835 3375 1002 3463 sacrilegio
1027 3378 1227 3464 inchoarent,
1262 3387 1287 3453 si

166 3463 369 3550 depositurae
384 3458 603 3544 virginitatem,
624 3481 692 3525 rem
707 3459 832 3540 Vestae,
854 3457 886 3525 id
908 3473 958 3529 est
978 3467 1093 3532 numini
1116 3471 1288 3553 castissimo

168 3558 403 3624 consecratam,
431 3543 599 3610 calcarent
640 3540 736 3611 Unde
756 3557 820 3613 est:

142 3698 145 3706 ,
258 3629 512 3717 Translataque
533 3638 629 3695 vetat
649 3629 755 3694 limen
778 3627 979 3716 contingere
995 3632 1134 3719 planta.

129 3715 307 3806 sastagula
326 3715 409 3782 enim
430 3713 542 3781 demus
562 3711 620 3780 diis
642 3725 767 3790 sacrata
787 3725 875 3787 sunt,
902 3727 939 3781 ut
959 3715 1075 3784 Vestae
1095 3719 1205 3797 limen,
1235 3746 1292 3791 au.

171 3801 234 3869 lina
257 3802 443 3890 penatibus,
471 3798 643 3878 maceries,
668 3822 751 3886 quae
771 3800 869 3867 ambit
888 3797 1036 3882 domum,
1063 3807 1192 3874 Hersen
1212 3811 1294 3878 Jsri.

172 3887 292 3956 Dicunt
321 3897 428 3955 summ
454 3884 492 3952 iis
513 3884 600 3951 laces
622 3883 796 3972 praelatas,
819 3882 905 3973 quod
928 3900 1020 3953 antea
1040 3893 1195 3972 nubentes
1216 3918 1295 3962 nun-

174 3974 231 4039 nisi
261 3993 319 4076 per
347 3984 473 4037 uectem
503 3967 702 4036 ducebantur
731 3994 750 4037 a
776 3971 908 4057 sponsis.
970 3972 1115 4057 Nucum,
1151 4003 1235 4067 quae
1263 3982 1295 4047 in

175 4059 288 4146 nuptia
324 4056 573 4145 spargebantur,
614 4055 695 4121 banc
730 4056 894 4142 assignant
924 4058 1095 4141 rationem,
1141 4077 1176 4132 ut
1209 4068 1296 4135 Jovis

135 4144 280 4223 momine
292 4142 523 4210 matrimonium
535 4136 723 4217 celebretur,
744 4153 780 4208 ut
795 4164 837 4207 nu
861 4154 893 4206 ta
902 4157 1045 4210 matrona
1056 4146 1096 4214 sit
1109 4148 1190 4218 sicut
1200 4152 1296 4218 Juno.

177 4227 261 4294 Nam
289 4249 386 4294 nuces
414 4227 445 4292 in
478 4223 576 4292 tutela
602 4236 676 4291 sunt
701 4224 798 4290 lusis.
840 4166 935 4294 ilnde
966 4244 997 4297 et
1013 4232 1185 4316 juglandes
1207 4238 1297 4325 quasi

89 4379 93 4391 ,
178 4311 274 4377 lavis
297 4309 446 4399 glandes
477 4307 582 4376 dictae
611 4319 692 4376 sunt.
750 4309 831 4376 Nam
858 4310 932 4377 illud
962 4315 1093 4401 vulgare
1121 4333 1185 4399 est,
1225 4323 1298 4391 ideo

179 4397 287 4483 spargi
300 4418 408 4474 nuces,
426 4406 463 4462 ut
479 4393 672 4482 rapientibus
685 4416 740 4463 eas
759 4395 865 4484 pueris
879 4397 934 4465 liat
946 4403 1103 4489 strepitus,
1123 4427 1164 4472 ns
1179 4408 1300 4496 puellae

180 4504 243 4582 var
275 4479 481 4582 virginitatem
516 4478 701 4567 deponentis
730 4479 842 4581 'possit
869 4481 981 4550 audiri.
1034 4488 1102 4554 Sed
1141 4505 1174 4559 et
1203 4493 1301 4562 laneis

139 4567 278 4644 mittas,
311 4565 400 4630 simul
432 4562 473 4631 ad
507 4562 599 4631 lmen
637 4564 740 4630 mariti
768 4566 940 4649 venissent,
964 4577 1100 4721 ‘postem
1133 4590 1302 4667 antequam

180 4649 443 4739 ingrederentur,
463 4650 626 4718 ornabant
655 4648 750 4717 Unde
769 4650 934 4740 Virgilius.
999 4655 1160 4727 alteribus
1183 4667 1304 4732 nimis.
