2640 5130
57 326 81 444 l

75 542 145 680 ι’.
175 551 256 630 illd
541 543 722 650 lllptlrogr.
749 549 801 624 11.
855 548 952 625 20⁷.

128 708 308 807 ihibitum
329 753 402 803 esse
421 731 549 812 dicunt,
579 752 621 799 no
650 755 670 799 a
695 732 799 822 prole,
827 756 911 823 quae
931 750 1133 820 nasceretur,
1162 744 1310 835 luppiter

159 844 278 911 «regno
298 819 476 910 pelleretur.
519 818 608 921 ignis
629 817 731 899 euim,
758 819 792 885 id
812 833 863 888 est
881 822 945 911 Jup
968 825 1046 905 iter,
1084 828 1110 895 si
1131 851 1203 896 cum
1224 856 1309 920 aqna

114 985 117 991 ,
175 910 379 985 misceretur,
400 926 505 993 aquae
522 914 635 970 rrrtnte
652 904 901 991 extingueretur.
954 912 1079 998 uppiter
1099 926 1206 982 autem
1225 919 1309 984 hano

175 993 336 1085 conjunxit
361 991 470 1057 Peleo.
517 985 633 1076 Πηλός
659 990 743 1055 enim
764 991 892 1058 Graece
912 991 1027 1059 lutum
1048 996 1171 1066 dicitur.
1213 1002 1307 1090 Ergo

148 1080 291 1150 crottam
309 1099 394 1165 aqua
409 1077 538 1142 mixtam
560 1073 665 1141 volunt
685 1075 843 1142 hominem
866 1096 1063 1166 procreasse.
1107 1085 1228 1153 Omnes
1249 1113 1307 1155 au-

171 1179 235 1235 tem
257 1164 300 1229 dii
322 1161 436 1251 nuptiis
457 1162 621 1310 finffiuntur
641 1160 837 1241 interfuisse,
865 1163 939 1251 qnia
964 1166 1138 1234 secundum
1159 1193 1305 1260 paganos

169 1251 310 1338 singulas
330 1261 438 1337 partes
457 1247 490 1312 in
534 1245 638 1311 omine
658 1246 778 1312 habere
796 1247 959 1327 dicuntur,
989 1266 1023 1316 ut
1055 1252 1169 1321 lovem
1195 1274 1302 1346 caput,

170 1338 344 1405 Minervam
364 1332 492 1407 oculos,
523 1329 681 1396 lunonem
703 1331 850 1411 brachia,
878 1347 990 1422 pectus
1014 1335 1214 1426 Neptunum,
1246 1366 1304 1409 cor

169 1420 315 1498 Martem,
331 1440 424 1484 renes
433 1428 466 1483 et
475 1416 605 1502 inguina
618 1416 783 1498 Venerem,
802 1414 902 1506 pedes
910 1419 1111 1489 Mercurium.
1132 1424 1302 1494 Discordia

128 1520 277 1578 toautem
300 1504 368 1572 sola
385 1502 418 1569 in
439 1501 659 1590 conjunctione
679 1523 782 1590 aquae
810 1514 844 1571 et
864 1513 985 1583 terrae,
1015 1504 1048 1570 id
1077 1519 1125 1576 est
1153 1510 1300 1580 Thetidis

170 1604 204 1660 et
221 1591 325 1672 Pelei,
347 1610 410 1655 non
430 1585 662 1667 intromittitur,
682 1587 755 1675 quia
770 1599 904 1678 utraque
920 1589 1072 1659 elementa
1091 1597 1300 1677 concordant,

167 1689 204 1744 ut
244 1677 339 1744 bomo
369 1674 538 1762 gignatur,
580 1670 668 1759 quod
697 1673 792 1740 etiam
822 1676 1034 1764 competentia
1070 1680 1299 1751 con'unctionis

165 1761 294 1831 indicat
341 1760 459 1826 Peleus
486 1778 622 1846 namque
652 1769 689 1824 ut
717 1770 822 1840 terra,
853 1758 886 1825 id
911 1772 961 1828 est
981 1783 1079 1840 caro,
1147 1767 1242 1836 hetidi
1264 1785 1300 1838 ut

135 1924 140 1931 ,
165 1871 285 1938 aquae,
306 1842 340 1913 id
360 1855 412 1913 est
430 1840 572 1920 humori,
594 1842 804 1944 conjungitur.
843 1845 991 1934 luppiter
1011 1858 1047 1914 nt
1064 1848 1174 1937 ignis,
1199 1853 1299 1922 idest

125 1934 287 2014 tsanima,
318 1942 486 2017 utrumque
500 1928 640 2028 jungere
662 1927 785 1996 dicutur.
827 1928 997 1998 Discordia
1017 1955 1148 2002 aureum
1171 1939 1298 2015 malum,

163 2018 197 2085 td
219 2029 269 2086 est
289 2015 512 2104 cupiditatem,
542 2012 658 2081 drcitur
686 2013 848 2095 iu'ecisse3
878 2036 950 2083 nam
979 2017 1011 2082 in
1031 2039 1129 2086 aureo
1144 2023 1226 2088 malo
1248 2038 1297 2094 est

162 2104 249 2194 quod
281 2101 404 2180 rideas,
438 2121 501 2165 non
532 2099 616 2166 inest
643 2038 730 2186 quod
758 2097 918 2169 comedas.
959 2102 1168 2192 Tripartitum
1190 2122 1296 2177 autem

161 2187 378 2265 hunanitatis,
403 2182 436 2251 id
457 2195 507 2252 est
526 2183 707 2264 theoricae,
728 2185 907 2273 practicae,
927 2187 1141 2276 philargicae,
1163 2194 1293 2263 modurn

163 2272 400 2341 considerantes
421 2275 552 2358 poetae,
572 2283 754 2358 proponunt
775 2272 948 2338 certamina
966 2275 1059 2340 trium
1077 2277 1227 2358 dearum,
1254 2280 1296 2348 de

120 2361 286 2435 msormae
326 2356 453 2422 ualitat'e
474 2355 670 2422 cenantium.
714 2356 855 2423 Minerva
875 2359 957 2424 enim
980 2359 1171 2444 theoricam,
1193 2364 1225 2430 id
1245 2384 1296 2435 est

143 2457 309 2530 ‚contemp
354 2442 452 2520 ’aam3
481 2440 567 2506 Juno
589 2441 777 2528 practicam,
797 2441 830 2507 id
852 2455 902 2510 est
921 2443 1073 2527 activam;
1095 2448 1203 2516 Venus
1224 2452 1293 2538 pbi-

160 2530 332 2618 largicam,
347 2521 389 2591 'id
416 2535 465 2592 est
487 2525 690 2613 voluptariam
716 2526 872 2629 designat.
915 2529 1164 2620 contemplativa
1185 2550 1292 2604 autern

160 2615 223 2682 cita
244 2625 308 2694 est,
329 2634 411 2701 quae
432 2608 473 2676 ad
490 2612 663 2700 sapientiae
683 2625 716 2679 et
736 2613 872 2680 rentatis
884 2612 957 2679 inda
985 2617 1121 2684 ationem
1135 2622 1291 2708 pertinet;

160 2701 279 2778 activa,
299 2720 382 2786 quae
402 2708 532 2763 ornatus
552 2697 646 2785 petit,
659 2709 702 2765 et
721 2699 802 2766 vitae
821 2721 945 2765 commo
969 2724 995 2767 rs
1014 2702 1128 2782 inhiat:
1151 2707 1291 2794 volupta-

118 2786 223 2865 25ria,
255 2804 337 2874 quae
364 2781 462 2849 solam
491 2782 572 2849 vitae
593 2805 633 2871 ap
658 2795 747 2850 etens
768 2784 997 2872 corruptelam,
1031 2787 1147 2855 libidini
1169 2806 1290 2859 tantum

158 2885 249 2948 nata,
280 2867 396 2961 nullum
429 2868 593 2933 honestum
628 2805 762 2956 ‹leputat
792 2871 917 2935 bonum.
959 2870 1038 2936 Ideo
1057 2875 1169 2940 iorem
1193 2900 1292 2964 super

121 2970 125 2976 “
157 2957 205 3024 his
229 2976 291 3021 non
311 2974 407 3043 posse
426 2951 568 3039 judicare
588 2951 751 3029 dixerunt,
776 2956 849 3043 quia
868 2967 941 3043 post
960 2957 1056 3024 finem
1079 2960 1188 3026 mundi
1202 2963 1288 3050 jndi-

157 3041 240 3108 cium
260 3038 467 3127 ignorabant,
488 3039 541 3124 qui
562 3038 593 3103 in
617 3039 763 3106 libertate
780 3041 898 3108 arbitrii
912 3043 1114 3110 constitutum
1129 3047 1287 3116 bominem

156 3126 332 3193 crederent
381 3122 465 3197 Quia
491 3122 615 3212 itaque,
647 3125 674 3189 si
707 3125 790 3191 velut
820 3124 898 3192 deus
929 3127 1075 3229 luppiter
1116 3130 1288 3220 udicasset,

112 3209 335 3283 autumnando
361 3206 463 3288 duas,
494 3230 589 3275 unam
616 3208 833 3278 tantummodo
855 3212 947 3278 terris
974 3226 1066 3280 artam
1087 3154 1285 3300 (lemitteret3

151 3298 195 3365 ad
215 3297 371 3365 hominem
386 3292 540 3384 judicium
570 3296 774 3376 transfertur,
808 3295 859 3364 oui
888 3295 1047 3382 deligendi
1068 3298 1199 3369 liberum
1227 3302 1287 3369 de·

152 3385 246 3450 betur
274 3379 445 3449 arbitrium.
487 3377 554 3446 Sed
586 3380 669 3446 bene
695 3393 803 3471 pastor
830 3403 893 3447 non
924 3383 1041 3469 sagitta
1063 3398 1186 3462 certus,
1221 3409 1285 3454 non

144 3468 252 3557 jaculo
275 3470 393 3547 bonus,
411 3487 474 3532 non
494 3465 577 3532 vultu
599 3466 753 3548 decorus,
774 3488 837 3532 non
858 3468 986 3554 ingenio
1006 3491 1125 3555 sagax,
1146 3471 1217 3561 qui,
1247 3486 1285 3542 ut

150 3554 309 3640 pecudum
323 3574 391 3618 mos
404 3562 468 3630 est,
490 3549 531 3617 ad
553 3551 708 3617 libidinem
730 3552 814 3618 visus
834 3551 982 3634 detorsit,
1002 3577 1097 3642 quarn
1117 3556 1283 3626 virtutibus

107 3652 183 3708 anet
215 3639 327 3704 divitiis
360 3637 552 3740 praeposuit
608 3637 756 3725 Denique
794 3637 942 3704 Achillem
975 3651 1084 3707 natum
1115 3655 1228 3718 mater¹
1247 3647 1282 3710 in

146 3746 247 3812 aquas
279 3724 409 3812 Stygias
438 3722 576 3801 intinxit;
614 3720 685 3787 tiam
720 3743 818 3789 venae
849 3737 923 3790 sunt
951 3723 982 3788 in
1011 3724 1092 3804 talo,
1154 3750 1214 3793 uae
1239 3728 1283 3798 ad

147 3831 258 3876 renum
282 3820 379 3894 atque
405 3806 536 3873 virilium
564 3807 718 3873 rationem
750 3807 908 3895 pertinere
937 3807 1093 3878 dicuntur.
1149 3814 1201 3878 'ic
1221 3836 1283 3901 per

146 3894 243 3961 talum
271 3893 468 3968 vulneratus,
504 3913 613 3958 amore
640 3892 821 3982 Polyxenae
842 3894 941 3981 periit
994 3896 1168 3984 Πολυξένη
1194 3900 1280 3966 enim

147 3982 275 4046 Graece
293 3977 482 4043 multorum
501 3976 691 4065 peregrina
711 3977 844 4056 dicitur,
874 3979 946 4067 quia
974 4003 1063 4046 amor
1082 3984 1281 4082 peregrinari

103 4067 223 4144 colacit
253 4075 382 4130 mentes.
442 4062 592 4128 Humana
624 4083 759 4151 namque
790 4063 903 4146 virtus,
937 4063 980 4131 ad
1013 4087 1119 4133 omma
1148 4069 1279 4152 munita,

144 4150 276 4218 libidinis
292 4160 398 4218 tamen
417 4145 531 4216 ictibus
552 4146 696 4236 subjacet
715 4147 831 4238 patula.

389 4346 486 4424 207.
539 4347 765 4424 Sacerdos
803 4348 1016 4447 Neptuni.
1040 4367 1043 4373 ·

225 4480 306 4549 Post
325 4475 495 4546 adventum
522 4478 721 4543 Graecorum
743 4473 786 4542 ad
807 4474 938 4565 'I'rojaus
960 4471 1112 4544 sacerdos
1134 4476 1275 4568 Neptuni

138 4566 292 4657 lapidibus
313 4565 439 4636 occism
451 4575 517 4647 est,
536 4563 590 4655 qui
602 4561 763 4633 sacrificiis
776 4583 887 4633 eorum
898 4584 962 4632 non
973 4563 1087 4635 vetavit
1096 4561 1275 4636 adventum.
