2692 4762
134 227 215 303 rso
301 263 302 266 κ
362 307 366 315 ,
409 210 680 326 umagen.
735 220 994 311 rao-roa.

131 415 172 478 ab
208 410 348 477 Hercule
367 421 411 478 ‘et
437 410 604 498 Megaram
638 431 769 476 uxorem
797 423 831 478 et
852 433 890 477 ex
912 433 966 477 ea·
983 407 1064 475 filios
1097 417 1268 496 susceptas

128 498 346 576 interemtos3·
367 493 454 584 quod
474 496 591 563 lactum
611 495 715 562 luerat
735 496 863 562 lunonis
885 491 1042 564 instidctu.
1087 493 1183 559 Unde
1204 496 1268 561 ira-

129 595 182 649 tus
202 582 359 647 Hercules
390 592 521 669 propter
550 582 634 647 illam
661 581 720 647 sibi
751 578 962 670 denegatam,
991 601 1101 647 eversa
1128 580 1268 662 civitate,

130 667 288 736 interemit
307 667 481 758 Eurytum,
502 679 535 733 et
555 666 643 732 Iolen
663 665 794 733 sustulit

79 852 124 909 ‘a
173 857 176 875 ¹
228 835 321 910 166.
386 837 485 910 Duo
518 834 670 907 leones
706 835 759 909 ab
789 835 992 908 Hercule
1036 839 1165 910 vieti.

214 963 372 1032 Hercules
395 961 476 1028 duos
498 960 606 1027 leones
627 963 801 1050 superarit,
822 984 918 1029 unum
938 962 1162 1041 Teumesium,
1189 950 1232 1028 all
1251 1002 1265 1012 -

130 1073 200 1118 rum
230 1049 434 1118 Cleonaeum.
485 1046 664 1113 Teumesus
691 1071 781 1115 mons
814 1061 863 1115 est
893 1049 1067 1130 Boeotiae3
1102 1049 1265 1114 Nemaeus

130 1159 221 1204 mons
242 1134 406 1214 Arcadiae,
429 1131 482 1217 qui
504 1143 536 1198 et
555 1133 735 1201 Cleonaeae
756 1133 878 1200 dicitur.
920 1134 989 1201 Sed
1010 1134 1168 1200 Hercules
1189 1131 1264 1199 dum

132 1221 175 1288 ad
198 1219 407 1287 occidendum
426 1216 602 1283 Nemaeum
623 1218 746 1299 leonem
766 1220 851 1301 isset,
873 1221 913 1285 ab
934 1219 1116 1308 Eurystheo
1141 1219 1265 1298 missus,

91 1319 153 1372 tua
175 1305 340 1372 Molorcho
360 1305 393 1370 in
414 1301 579 1390 hospitium
604 1315 654 1370 est
674 1316 850 1393 susceptus,
873 1304 962 1394 cujus
983 1306 1076 1372 filiam
1097 1303 1149 1370 leo
1169 1306 1266 1370 inter-

134 1392 272 1472 iecerat;
303 1404 336 1459 et
364 1391 403 1456 ab
425 1409 483 1467 eo,
506 1387 665 1474 quomodo
690 1412 763 1457 cum
783 1390 875 1456 leone
897 1392 1006 1471 coiret,
1031 1389 1148 1457 didicit.
1191 1391 1264 1467 Quo

133 1490 305 1566 superato,
326 1475 419 1565 ludos
440 1473 587 1554 instituit,
609 1496 689 1562 quos
710 1498 729 1542 a
750 1475 821 1542 loco
843 1476 986 1547 Nemaea
1007 1475 1181 1566 appellarit

462 1640 553 1717 161.
605 1639 755 1721 Aurea
794 1673 930 1748 poma.

215 1773 360 1864 Juppiter
372 1795 467 1862 quum
476 1771 496 1837 J
499 1789 633 1838 unonem
643 1793 773 1840 uxorem
782 1774 925 1857 duceret,
936 1774 1041 1840 'Perta
1052 1772 1145 1848 venit,
1160 1771 1263 1853 serens

90 1877 231 1928 loaurea
241 1884 335 1951 poma
348 1883 420 1926 cum
435 1857 538 1925 ramis.
582 1858 765 1932 uuaeJono
774 1860 942 1940 admirans,
958 1860 1048 1948 petiit
1062 1881 1082 1923 a
1095 1857 1209 1940 Terra,
1229 1870 1263 1925 ut

130 1947 248 2013 insuia
272 1946 370 2012 hortis
391 1955 529 2022 sereret,
551 1943 604 2029 qui
626 1958 715 2011 erant
734 1945 821 2034 juxta
841 1947 996 2015 Atlantem
1019 1955 1166 2011 montem.
1208 1949 1261 2010 At-

129 2031 220 2098 lantis
229 2042 335 2096 autent
349 2027 441 2105 filiae,
456 2027 567 2115 Aegle,
581 2026 750 2109 Eretbusa,
767 2032 1017 2120 Hesperethusa,
1029 2052 1124 2118 quum
1138 2029 1261 2180 saepius

32 2111 37 2127 “
130 2115 173 2180 de
193 2117 357 2183 arboribus
379 2114 460 2180 mala
481 2111 705 2198 decerperent,
734 2116 818 2182 Juno
840 2116 955 2185 dicitur
1006 2112 1167 2202 ervigilem
1212 2137 1261 2180 ra-

80 2263 81 2266 ,
130 2222 242 2266 conem
263 2200 305 2264 ibi
327 2197 490 2265 custodem
522 2199 722 2346 apposuisse,
754 2224 848 2290 quem
878 2141 1051 2278 Hercules,
1085 2200 1200 2268 missus
1221 2201 1261 2264 ab

88 2283 311 2374 tuEurystlreo
333 2282 375 2350 ad
397 2283 535 2370 Hesperi
561 2306 611 2347 nm
634 2306 747 2370 poma,
782 2286 914 2368 occidit,
946 2300 979 2355 et
999 2308 1094 2376 poma
1113 2284 1189 2352 inde
1207 2306 1262 2350 au·

128 2392 184 2436 rea
213 2369 289 2436 tulit.
340 2369 467 2434 Revera
500 2378 603 2434 autem
631 2369 749 2437 nobiles
786 2373 912 2442 luerunt
949 2373 1089 2462 puellae,
1130 2392 1263 2459 quarum

153 2476 248 2540 reges
270 2454 380 2539 abegit
401 2451 575 2534 Hercules,
605 2455 713 2520 occiso
735 2479 846 2526 eorum
868 2459 1010 2528 custode.
1054 2455 1150 2522 Unde
1171 2457 1263 2542 μῆλα

126 2476 259 2625 fingitur
280 2539 457 2616 sustulisse,
488 2538 550 2603 hoc
571 2550 620 2604 est
639 2562 724 2606 oves.
777 2544 859 2614 Nam
879 2549 973 2636 μῆλα
1001 2543 1151 2610 dicuntur
1178 2562 1263 2622 ores,

127 2638 160 2692 et
178 2621 372 2712 μηλονὸμος
393 2623 508 2690 dicitur
529 2635 638 2710 pastor
659 2627 773 2694 orium.

94 2851 130 2901 25
342 2818 449 2922 162.¹
487 2822 711 2898 Hercules
745 2837 787 2898 et
821 2825 1053 2897 Deianira.

213 2947 370 3015 Hercules
402 2973 499 3038 quum
529 2953 561 3017 in
589 2953 723 3041 hospitio
752 2949 792 3015 ad
822 2950 1040 3017 Dexamenum
1069 2969 1181 3035 regem
1212 2968 1264 3011 re-

130 3034 237 3112 nisset,
258 3035 447 3117 Deianiram,
468 3038 561 3103 filiam
583 3037 660 3128 ejus,
682 3036 831 3124 corrupit,
850 3049 883 3102 et
907 3038 1001 3101 tidem
1018 3033 1116 3111 dedit,
1140 3054 1265 3099 seeum

130 3142 261 3185 uxorem
293 3121 352 3185 sibi
379 3143 451 3187 esse
480 3122 659 3189 ducturum.
701 3125 782 3188 Post
807 3121 874 3209 ejus
905 3121 1077 3187 discessum
1107 3119 1266 3207 Eurytion

70 3258 72 3262 ,
130 3204 310 3268 Deianiram
333 3207 431 3292 petiit,
455 3231 549 3295 quam
573 3222 673 3296 pater,
696 3209 755 3273 rim
778 3208 900 3285 timens,
922 3207 1089 3294 Eurytioni
1133 3203 1264 3269 romisit.

88 3288 193 3362 ³⁰Qui
216 3290 386 3356 constituto
416 3291 467 3356 die
498 3315 568 3357 cum
593 3292 739 3360 fratribus
761 3291 802 3355 ad
825 3292 949 3378 nuptias
972 3291 1062 3356 venit.
1104 3229 1157 3355 llo
1181 3290 1266 3354 sorte

129 3374 198 3451 die,
232 3397 294 3460 quo
324 3375 453 3461 nuptiae
481 3377 738 3455 celebrabantur,
771 3378 995 3464 superveniens
1025 3374 1149 3441 Alcides
1178 3375 1266 3439 Cen-

128 3471 236 3608 tarpros
261 3460 435 3541 interiecit,
464 3474 498 3530 et
519 3462 699 3528 Deianiram
724 3463 883 3551 insperate
897 3484 961 3529 suo
987 3460 1185 3530 matrimonio
1210 3481 1266 3526 co·

129 3567 169 3631 pu
183 3556 253 3610 arrt.

454 3679 546 3757 165.
600 3684 752 3759 Lerna
788 3688 935 3787 palus.

89 3837 124 3884 ³5
156 3829 162 3841 ·
215 3809 321 3877 Lerna
343 3810 432 3898 palus
455 3811 521 3890 luit,
550 3813 579 3875 in
605 3837 667 3901 qua
689 3814 789 3904 hydra
811 3815 909 3882 bestia
932 3826 1010 3891 erat,
1031 3813 1061 3879 1.
1083 3812 1188 3901 capita
1210 3812 1267 3877 ba·

132 3897 227 3973 bens,
257 3895 320 3971 rel,
349 3909 384 3962 ut
406 3895 455 3960 alli
475 3896 599 3975 dicunt,
631 3900 708 3981 lllI;
737 3923 820 3987 quae
850 3902 963 3967 Latine
992 3898 1105 3965 dicitur
1128 3904 1268 3965 excetra.

130 3980 213 4046 Num
235 3980 373 4044 Hercule
396 4003 464 4043 eam
488 3980 681 4063 debellante,
711 4008 773 4050 uno
802 3988 905 4073 capito
933 4009 1046 4059 caeso,
1075 3984 1135 4050 tria
1161 3983 1267 4070 capita

132 4065 326 4130 crescebant.
370 4069 473 4139 Quam
496 4064 622 4131 demum
643 4069 719 4155 igne
741 4072 853 4137 vicisse
873 4072 996 4137 dicitnr.
1040 4069 1106 4135 sed
1131 4081 1268 4139 constat.

132 4151 266 4236 hydram
295 4151 396 4214 locum
426 4149 534 4218 luisse.
578 4176 754 4222 vomentem
788 4180 905 4243 aqrras,
942 4168 1099 4223 vastantes
1131 4154 1266 4217 vicinam

91 4236 299 4304 roc-ivitatem.
345 4236 407 4311 Qui
437 4256 531 4323 quum
563 4237 745 4328 frequenter
774 4244 966 4323 siccaretur,
998 4262 1037 4306 ac
1066 4237 1267 4326 multiplicius
