2640 5130
444 631 549 758 ornis
586 661 807 728 nnscmemo.
1113 668 1188 722 xvn

59 841 124 981 cett
143 841 251 1007 tuns)
268 828 391 896 flumen
425 824 640 920 Danubium,
679 853 759 922 gens
798 828 1008 896 harbarorum
1043 844 1075 898 et
1113 832 1185 903 Sar·

56 941 110 981 ma
126 940 182 981 um
220 936 263 978 a,

143 1027 200 1092 34.
273 1037 324 1092 ost
364 1049 537 1092 annonaam
631 1047 734 1090 aarum
771 1044 927 1108 rovmeaa,
995 1051 1032 1094 ae
1048 1029 1186 1096 maxima
1296 1056 1299 1066 ·

243 1024 272 1089 P
336 1024 378 1128 P·
476 1026 485 1045 ⁰
554 1023 640 1091 Gall'
747 1047 770 1113 p
830 1023 840 1041 '
885 1025 894 1043 ‘
949 1051 993 1117 qu

60 1123 132 1193 est,
160 1124 193 1178 et
211 1122 345 1201 propter
368 1123 594 1214 imperatorem
616 1134 681 1200 quo
702 1132 831 1198 sempor
858 1122 950 1201 eget,
986 1113 1019 1178 in
1041 1113 1185 1182 multitu·

60 1198 138 1263 dine
170 1197 321 1262 omnibns
350 1196 446 1263 bonas
474 1197 659 1278 habundat,
689 1195 746 1296 aod
775 1195 910 1285 plurimi
937 1198 1057 1285 pretiis
1090 1200 1185 1268 cuiue

58 1281 200 1386 maxima
227 1282 340 1410 civitae
359 1280 489 1384 Treviri
510 1281 540 1373 b)
562 1282 701 1384 dicitnr,
733 1304 768 1343 ιιι
800 1302 864 1430 ‹flrr
899 1282 1049 1349 dominus
1078 1288 1184 1387 gentio

60 1366 291 1541 ditm
305 1367 768 1539 „inenuntium
784 1364 919 1552 nto*
936 1369 1073 1539 tm:
1096 1384 1187 1523 'tt

62 1538 229 1627 accipiens
250 1538 358 1603 omnia
381 1538 495 1602 mundi
516 1562 558 1603 ne
601 1537 645 1602 tia
665 1559 762 1623 supra
786 1535 890 1637 ductae
911 1537 1032 1606 civitati
1054 1543 1183 1608 emittit.

62 1624 181 1690 Omnia
203 1633 309 1689 autem
330 1623 421 1713 regio
451 1625 538 1723 viros
558 1561 657 1724 laniet
676 1622 777 1686 lortea
797 1645 833 1686 ιιι
853 1623 1001 1713 proelio,
1032 1637 1065 1691 et
1092 1628 1184 1694 nobi.

61 1710 111 1775 lea
133 1709 168 1775 in
191 1709 280 1774 omni
300 1709 443 1798 negotio.
486 1708 549 1774 llas
570 1707 693 1788 adunet
711 1728 792 1795 gene
825 1708 925 1773 multa
948 1709 1139 1779 Gothorum.

143 1823 197 1888 35.
240 1822 322 1888 Post
334 1821 458 1887 Gallias
479 1822 652 1911 Hispania,
673 1820 849 1905 ternanta,
871 1822 962 1889 divee
979 1825 1183 1909 otmarum,

61 1905 143 1971 viria
163 1907 267 1972 doctis
289 1919 321 1974 et
341 1906 492 1973 omnibus
514 1907 609 1973 bonis
631 1918 761 1990 ornata,
797 1930 880 1996 quae
906 1907 1058 1973 omnibns
1086 1934 1184 2002 nego·

61 1990 117 2057 tiis
137 1992 261 2082 pollet,
289 1992 397 2059 oleum
417 2016 495 2059 vero
515 1993 652 2066 multum
674 2003 706 2057 et
723 1990 889 2081 liquamen
910 1992 1039 2074 emittit,
1061 2007 1184 2062 vestem

85 2100 194 2168 noque
215 2076 356 2158 varium,
385 2089 418 2145 et
445 2078 607 2163 iumenta3
640 2078 796 2166 lardoque
819 2088 852 2142 et
871 2088 981 2168 aperto
1003 2079 1033 2169 c)
1058 2080 1182 2149 habun-

59 2101 162 2247 dium,
185 2186 251 2229 non
272 2163 378 2228 solum
399 2163 507 2229 omnia
533 2163 619 2229 bona
639 2161 697 2228 sed
718 2174 751 2227 et
768 2163 943 2253 praecipua
964 2163 1071 2230 labet.
1129 2165 1182 2232 ln·

59 2249 100 2313 de
121 2272 261 2314 oceanus
283 2272 354 2314 osse
375 2249 514 2334 dicitnr,
552 2248 646 2315 onius
712 2257 776 2312 rtea
804 2248 917 2317 nullus
937 2249 1105 2316 hominnm
1125 2275 1182 2353 [ιο-

59 2333 122 2399 tuit
130 2348 383 2486 1{enarrareadlost
403 2334 491 2403 enim
509 2334 610 2402 eremi
639 2357 675 2399 eo
691 2332 794 2417 itudo,
823 2344 857 2400 et
883 2334 969 2401 aient
989 2335 1102 2419 aiunt,
1135 2337 1182 2402 alai

59 2431 110 2485 eat
154 2419 205 2485 nie
230 2443 308 2485 mun
333 2419 355 2483 '.

145 2534 202 2600 ³6.
246 2531 374 2597 Deinde
401 2541 535 2620 gyrante
556 2529 682 2596 eireulo‘
700 2554 720 2595 a
784 2529 890 2596 rtiltna
911 2533 1010 2598 anatri
1035 2526 1182 2601 invenies

59 2614 273 2705 Mauritaniae
296 2629 431 2698 terram,
454 2617 488 2681 in
556 2640 574 2680 a
603 2639 682 2706 gens
703 2616 737 2680 in
761 2616 862 2682 abitat
879 2618 1046 2683 hominum
1068 2620 1182 2686 barba·
1256 2663 1258 2666 -

58 2726 192 2786 rorum,
221 2703 318 2769 vitam
341 2714 373 2767 et
392 2725 498 2767 morea
535 2724 607 2766 eros
636 2701 837 2767 habentium.
877 2702 985 2770 'llaee
1014 2705 1181 2793 prouincia

58 2789 96 2855 iu
117 2789 263 2856 vestibus
284 2787 467 2876 negotiatur
487 2797 520 2851 et
545 2787 580 2851 in
600 2787 794 2877 mancipiis,
820 2788 981 2854 frumento
1002 2791 1105 2856 multo
1126 2793 1181 2857 laa-

58 2874 196 2943 tundat.
239 2873 347 2938 llabet
371 2883 404 2937 et
424 2871 583 2938 civitatem
608 2871 745 2953 bonam,
791 2895 850 2937 uae
872 2871 992 2939 dieitur
1011 2873 1178 2942 Caesarea.

59 2959 141 3027 Post
165 2958 393 3026 Mauritaniam
427 2958 576 3045 sequitur
601 2955 754 3023 Numidia
767 2898 941 3024 qlruetilina
968 2959 1178 3028 habundanaz

42 3045 190 3148 ‘neptia
214 3056 322 3110 antem
347 3044 427 3108 laec
455 3041 552 3107 hahet
582 3042 681 3108 vestio
706 3042 812 3109 variae
842 3053 876 3109 et
906 3043 1093 3111 animalium
1122 3070 1179 3137 op-

56 3141 222 3197 tumorum.

142 3243 198 3308 37.
240 3240 373 3309 Abhinc
392 3243 423 3333 d)
438 3238 608 3394 ¹{rontineia
629 3238 774 3323 Africae,
795 3238 886 3329 regio
908 3239 998 3304 divea
1021 3240 1055 3304 in
1077 3241 1179 3305 omni·

57 3328 121 3393 lane
141 3327 327 3393 invenitur:
362 3353 436 3395 omn
475 3350 513 3391 us
541 3324 628 3392 enim
655 3324 751 3390 bonis
780 3335 890 3389 ornata
916 3336 987 3404 est,
1020 3325 1179 3391 fructibus

103 3435 193 3503 oque
214 3422 248 3477 et
268 3413 441 3496 iumentis,
464 3423 497 3479 et
521 3433 625 3500 paene
646 3408 658 3473 i
682 3434 717 3475 aa
737 3409 889 3475 omnihus
910 3409 1062 3498 gentibus
1084 3433 1179 3477 naum

57 3498 123 3564 oei
144 3507 461 3589 praesum-potesta
495 3518 577 3588 qnae
605 3433 721 3560 mulas
750 3505 783 3561 et
803 3494 988 3560 differentes
1009 3494 1180 3584 possidens

57 3584 229 3666 civitatee,
263 3607 360 3650 unam
395 3585 491 3650 habet
525 3580 731 3670 praeeipuam
759 3590 793 3646 et
822 3579 1043 3645 admirabilem
1072 3580 1191 3663 valde,.

122 3694 142 3736 e
162 3679 295 3736 vocatur
312 3669 492 3774 Carthago;
513 3690 609 3756 qnam
628 3666 774 3730 condidit
793 3664 912 3730 mulier
930 3665 1026 3753 tyria,
1049 3666 1180 3732 nomine

91 3756 166 3822 idoa
248 3778 287 3820 ae
308 3780 381 3821 oum
410 3755 546 3842 Lnbyam
568 3751 679 3835 venit,
710 3751 817 3816 locum
839 3750 918 3816 emit
949 3761 1105 3839 qnantum
1127 3776 1180 3818 oo·

58 3841 143 3942 ιῇοῃ
171 3839 217 3906 bn
241 3841 367 3907 ulinnm
399 3842 631 3908 circumtenere
660 3836 785 3926 potuit:
824 3858 929 3926 quae,
963 3847 998 3899 ut
1021 3835 1180 3925 Virgilius

888 4000 914 4055 θ’

127 4107 347 4175 a)1ta·nterqne
374 4101 431 4155 eod.
453 4115 501 4170 pro
519 4101 714 4150 Sammtarum.

127 4195 160 4263 b)
181 4193 246 4247 Cod.
270 4192 400 4263 Tyberim.

127 4285 159 4352 l)
177 4283 326 4336 Ammianus
363 4280 445 4332 Mure.
472 4274 578 4330 tib.Xv
606 4274 667 4328 dicit
699 4271 821 4323 Treviros
848 4267 1006 4322 domicilium
1032 4269 1181 4338 principum

58 4354 170 4410 clerum.
205 4355 313 4406 Praeter
332 4352 460 4419 principes
481 4342 648 4411 remotiores,
670 4342 863 4397 constantinum
886 4355 997 4406 quoque,
1021 4340 1180 4394 Constantini

56 4428 141 4493 magni
163 4427 257 4488 fitium,
280 4424 436 4491 fratremque
458 4421 514 4488 ejus
533 4418 714 4481 Constantem,
741 4414 777 4467 ibt
804 4419 932 4474 moratos,
950 4410 1107 4464 demonstrat
1123 4414 1179 4465 Go-

56 4497 197 4550 tholredna.

126 4589 156 4657 c)
174 4585 241 4639 Cod.
263 4581 420 4654 lordumque
439 4589 465 4633 et
491 4586 623 4649 oportum.
640 4594 646 4607 ·

125 4675 161 4744 d)
178 4673 246 4730 cod.
262 4669 298 4724 ab
314 4671 393 4725 bunc.

746 4759 785 4799 *a
