2640 5130
341 645 523 748 orgum.
551 643 584 718 1.
640 640 713 719 rar
731 644 890 739 ..aaa
1023 726 1027 733 ,
1127 646 1182 722 aa

55 828 179 899 butera
213 838 264 897 est
295 848 389 906 eam,
431 837 469 895 ot
498 828 560 895 tale
589 828 705 916 pignus
737 830 852 897 amoris
884 852 904 896 a
934 829 1017 897 lore
1050 842 1186 920 peteret·

54 914 187 1001 proinde
218 914 394 981 canonos
425 911 522 1001 ipsius
553 915 739 982 concubitus
769 915 900 1002 iusignia
934 927 1028 983 esset
1086 916 1182 991 Quod

54 997 421 1153 fflmpptnpppigapp‘,
441 998 542 1149 delusi}
561 999 732 1150 inspruoltps
753 1000 917 1152 totpitrilpus
937 1000 1182 1155 asstlulmlnnlbuti

569 1107 604 1148 es
701 1106 758 1150 ece
835 1107 869 1152 es
907 1108 928 1152 o
996 1109 1031 1152 us.
1107 1110 1146 1154 eo

57 1184 90 1238 et
105 1170 208 1258 ipsam
228 1171 399 1237 flammas
445 1168 510 1236 rsit.
558 1168 727 1248 Liberum,
756 1108 949 1258 lonoeptunl
964 1182 1074 1246 utero,
1100 1173 1205 1261 Jupo

58 1257 137 1344 piter
159 1252 310 1321 incendio
339 1251 384 1319 eri
408 1253 471 1331 uit,
497 1276 537 1319 ac
564 1253 686 1319 femore
712 1254 806 1322 insuit
831 1278 898 1323 suo.
946 1257 1066 1324 Postea
1093 1280 1181 1325 oom-

58 1342 145 1429 pletia
178 1339 360 1419 mermibus,
384 1276 567 1426 llymphis,
599 1360 684 1426 quiae
714 1339 853 1429 Nysam,
893 1353 1030 1409 montem
1061 1340 1183 1422 Indiae,

57 1425 374 1514 perfrequentabaut,
415 1422 496 1489 clam
523 1421 653 1490 tradidit
682 1423 889 1491 nutriendum.
941 1429 1071 1516 Septem
1099 1429 1183 1493 enim

59 1512 183 1577 lucrant
218 1532 370 1589 sorores,
413 1507 543 1575 eaedem
576 1507 745 1625 Nymphae
775 1509 961 1579 Dodonides
997 1510 1183 1600 appellatae,

79 1619 139 1661 uae
160 1618 182 1661 a
204 1594 361 1684 Lycurgo
387 1592 519 1679 iugatae
543 1590 585 1659 ad
613 1592 735 1660 rheam
758 1596 988 1684 profugerunt,
1017 1608 1052 1663 ut
1071 1599 1223 1666 acribitlo

60 1620 263 1771 lherecydea
292 1692 325 1747 et
350 1678 562 1765 Asclepiades.
612 1680 717 1753 Quam
744 1682 786 1745 ob
815 1702 943 1749 causam
970 1683 1011 1746 ab
1030 1682 1111 1748 Jove
1136 1685 1182 1750 eis

118 1766 162 1833 tia
189 1777 241 1831 est
266 1763 387 1843 relato,
417 1763 504 1852 quod
529 1764 611 1830 inter
638 1762 744 1830 sidera
768 1776 843 1833 aunt
865 1766 1071 1848 constitutae,
1100 1790 1183 1855 quae

82 1850 130 1917 ll.
160 1870 295 1952 pumero
324 1846 460 1952 Hyades
491 1859 564 1917 sunt
595 1847 777 1999 appellatae.
838 1851 924 1917 Hinc
951 1851 1051 1917 Liber
1081 1865 1183 1939 pater,

62 1957 116 2001 reis
133 1934 314 2026 Dionysum,
341 1935 477 2021 ugnbus
496 1932 610 2002 sedere
652 1934 759 2016 icitur,
788 1935 874 2023 quod
897 1936 999 2002 omnis
1019 1936 1183 2004 vinolentia

64 2019 175 2087 leritmi
202 2040 330 2108 semper
361 2020 502 2087 insistat:
539 2028 573 2085 et
598 2017 727 2108 Lyaeus
756 2018 871 2087 dicitur
903 2021 993 2123 quasi
1025 2020 1223 2090 lenitatern¹⁵

65 2104 404 2257 paertaawuveuis
432 2116 536 2173 autem
563 2102 720 2193 pingitur,
751 2105 826 2195 qula
851 2107 988 2175 ebrietas
1013 2125 1182 2195 numquam
1222 2192 1225 2197 ⁷

184 2324 278 2403 121.
329 2326 469 2403 Liber
502 2340 545 2404 et
577 2329 793 2429 «luppiter
827 2329 1053 2403 Hammon.

142 2459 264 2538 Liber,
303 2478 363 2525 acu
395 2454 573 2546 Dionysus,
616 2479 713 2546 quum
746 2450 843 2524 ludos
874 2467 1016 2546 peteret,
1059 2463 1092 2520 et
1128 2474 1185 2540 per

66 2544 264 2636 Xerolibyam
286 2540 459 2608 exercitum
480 2540 628 2623 duceret,
650 2543 800 2631 fatigatus
821 2542 888 2614 siti,
907 2541 995 2608 lovis
1016 2541 1064 2606 aui
1087 2539 1226 2625 patrisso

68 2633 207 2697 auxiium
234 2626 428 2715 imploravit:
456 2639 490 2695 et
516 2627 620 2694 statim
641 2630 707 2695 riso
731 2629 845 2704 ariete,
879 2627 948 2693 lons
975 2637 1104 2691 secutus
1126 2636 1183 2689 est.

68 2715 157 2781 Unde
180 2714 299 2781 iactum
323 2723 375 2799 est
401 2711 442 2778 ab
466 2734 505 2777 eo
533 2711 684 2802 deinceps
703 2712 792 2794 Jovi,
822 2710 993 2779 Hammoni
1019 2712 1060 2774 ab
1081 2709 1185 2776 arenis

69 2798 166 2879 dieto,
193 2798 393 2866 simulacrum
418 2818 490 2863 com
511 2797 615 2885 capite
634 2798 776 2865 arietino.
824 2796 920 2873 Quod
947 2794 1020 2863 ideo
1044 2794 1191 2882 lingitur,¹

69 2887 137 2973 quia
156 2884 239 2953 uotis
258 2883 328 2975 ejus
348 2892 423 2949 sunt
442 2880 579 2949 involuta
598 2904 759 2972 responsa.

302 3017 396 3095 122.
449 3020 588 3097 Liber
622 3034 665 3097 et
696 3018 937 3122 Tyrrheni.
1188 3027 1226 3075 ²⁵

146 3150 255 3225 Quum
279 3146 439 3250 Tyrrheni
468 3160 585 3217 nautae
612 3148 818 3215 dormientem
850 3145 880 3210 in
912 3143 1002 3212 litore
1032 3140 1183 3216 ¹Liberum

69 3245 186 3321 patrem
215 3234 421 3313 invenissent,
457 3233 561 3301 lu'rtim
590 3256 662 3300 eom
691 3234 859 3298 innarenn
891 3251 981 3295 auam
1003 3238 1183 3313 rapuerunt.

70 3319 126 3395 Qui
146 3342 244 3408 quum
265 3328 351 3385 esset
370 3331 574 3406 experrectus
597 3319 629 3387 in
652 3319 738 3395 nari,
765 3339 831 3405 quo
854 3312 1026 3380 duceretur
1049 3312 1183 3400 interro-

69 3406 160 3505 garit
200 3402 451 3506 Responderunt
477 3403 535 3485 illi,
569 3427 633 3487 quo
661 3403 759 3470 vellet
799 3401 899 3466 Liber
925 3398 968 3464 ait
994 3393 1035 3461 ad
1057 3394 1182 3460 Naxum

68 3491 212 3570 aurulam,
249 3488 309 3556 arbi
337 3499 502 3555 moratam.
555 3489 602 3556 llli
630 3500 734 3556 autem
763 3484 824 3552 alio
855 3481 923 3549 vela
951 3483 1082 3547 flectere
1110 3493 1225 3544 coe-ao
1298 3532 1303 3549 ,

69 3586 188 3663 perant.
228 3573 443 3649 Quamobrem
464 3595 579 3640 numen
599 3575 713 3641 iratum
733 3571 833 3657 tigres
851 3568 911 3635 sibi
930 3564 1049 3632 dicatas
1071 3564 1185 3630 risibus

70 3682 173 3813 eorpus
195 3658 328 3809 objedcipp
354 3679 485 3744 quarum
505 3657 547 3724 illi
565 3670 687 3727 terrore
707 3655 880 3747 perterriti,
905 3673 977 3719 sese
998 3650 1186 3738 praecipites

70 3768 97 3812 m
141 3756 234 3813 uetus
279 3763 386 3809 esre.

174 3880 269 3958 125.
322 3879 461 3956 Liber
486 3893 679 3984 pateret
704 3880 944 3982 Lycurgus
975 3901 1061 3950 rex.

146 4010 322 4101 Lycurgus
350 4030 406 4075 rex
436 4009 598 4076 Thraciae
628 4009 694 4077 luit.
751 4010 833 4087 Qui,
874 4017 909 4074 ut
942 4003 1047 4070 lnbula
1079 4000 1226 4076 habetso

71 4093 139 4162 dum
171 4106 377 4161 contemnens
403 4094 574 4170 Liberum,
612 4094 680 4185 q’os
706 4105 848 4182 amputat
875 4094 969 4167 vites,
1007 4109 1099 4153 crura
1128 4108 1185 4149 sua

70 4180 182 4247 incidit.
223 4178 277 4244 lte
296 4192 401 4246 autem
422 4202 496 4246 rera
517 4180 688 4247 abstemius
709 4178 786 4260 lirit;
812 4200 893 4266 quos
915 4184 1037 4240 constat
1057 4170 1186 4237 acrioris

71 4287 136 4333 erse
157 4275 309 4346 naturue3
338 4265 424 4352 quod
445 4264 538 4332 etiam
561 4288 581 4330 a
601 4263 817 4333 Demosthene
838 4262 957 4330 dictum
982 4269 1039 4324 est

442 4417 534 4494 l2d.
588 4420 811 4497 Minerva.

149 4549 306 4630 mnan,
334 4546 397 4617 dea
421 4550 607 4638 sapientiae,
642 4549 808 4617 multorum
835 4544 985 4612 inventrix
1014 4540 1071 4610 luit
1097 4543 1229 4626 inge-ro

77 4632 202 4702 uiarum.
248 4636 342 4704 llaec
361 4638 488 4705 Graece
508 4630 647 4722 Ἀθηνᾶ
667 4633 797 4713 dicitur,
824 4629 909 4721 apud
931 4629 1060 4698 Latinos
1083 4639 1187 4694 autem
