2640 5130
168 552 253 629 soa
450 553 631 658 nyuogr.
658 557 730 631 111.
783 554 834 655 a..
877 553 1017 629 s-s.

169 737 260 803 lauro
290 733 453 801 abundare
490 737 644 807 dicuntur.
698 742 739 806 At
764 758 839 804 vero
867 737 1033 827 Apollinis,
1069 737 1124 827 qui
1149 738 1291 841 auguriis

170 820 317 888 videlicet
335 832 479 908 praeest,
501 827 543 889 ob
565 825 628 891 hoc
655 825 756 892 amica
782 823 868 890 diota
889 835 955 907 est,
975 820 1081 912 quod,
1108 833 1145 890 ut
1163 822 1204 890 ills
1239 824 1292 911 qui

172 906 215 973 de
234 906 425 973 somniorum
448 908 707 996 interpretatione
725 909 936 997 scripserunt,
967 907 999 974 io
1025 908 1113 975 libris
1132 909 1198 976 suis
1218 931 1292 997 pro-

171 992 316 1073 mittunt,
361 991 388 1057 si
415 990 536 1060 laurum
563 995 789 1064 dormientibus
821 991 865 1060 ad
882 1005 988 1082 'eaput
1013 992 1179 1084 posumis,
1216 1016 1301 1061 vera.

146 1077 293 1145 osomoia
312 1075 520 1146 somniabunt.
633 1145 637 1151 ,

253 1208 284 1272 5.
326 1205 388 1272 Est
407 1204 502 1273 etiam
534 1207 654 1310 tripos,
689 1219 726 1276 ut
753 1209 797 1278 ait
823 1207 1009 1296 Remigius,
1045 1205 1170 1274 socies
1200 1204 1291 1284 lauri,

170 1303 237 1360 tres
258 1288 383 1356 radices
403 1289 542 1372 babens,
571 1317 603 1359 ιιι
624 1293 720 1360 Claro
742 1295 843 1362 insula
857 1294 950 1383 juxta
973 1228 1121 1380 Apollllris
1141 1292 1292 1396 tempium

172 1374 335 1442 abundans
361 1375 513 1455 maxime3
549 1377 679 1445 acilini
708 1392 819 1467 grata,
860 1376 948 1466 quod
973 1399 1036 1444 nou
1062 1398 1160 1465 parra
1187 1400 1219 1442 es
1247 1379 1292 1444 ris

171 1460 244 1527 insit
272 1458 438 1526 divinandi.
493 1461 661 1548 Significat
687 1477 791 1532 autern
819 1462 972 1553 triplicem
1002 1464 1142 1551 speciem
1175 1459 1292 1530 divina·

131 1544 285 1627 uriom,
319 1546 531 1633 praesentium
557 1548 676 1615 seilicet
706 1559 740 1616 et
766 1550 1007 1640 praeteritorum
1036 1558 1069 1615 et
1101 1547 1290 1614 futurorum

80 1702 83 1709 ,
171 1631 290 1733 'l'ripos
311 1640 416 1697 tamen
438 1643 568 1697 vocatur
595 1647 628 1700 et
658 1657 766 1702 mensa
797 1633 959 1723 Apollinis,
1000 1631 1108 1735 Pythii
1135 1633 1291 1721 serpentis

172 1737 260 1783 curro
290 1726 392 1796 teota3
420 1739 440 1782 a
469 1738 533 1803 quo
561 1719 652 1783 corio
684 1720 777 1787 etiam
806 1720 894 1785 locus
921 1720 991 1807 ipse
1009 1738 1095 1783 caros
1122 1715 1292 1805 tripodem,

171 1800 259 1867 unde
292 1799 428 1867 dabatur
461 1802 624 1868 oraculum
664 1805 802 1869 cortina
834 1802 938 1871 dictus
967 1818 1031 1881 est;
1062 1823 1158 1889 quern
1184 1814 1288 1870 umen

174 1886 223 1954 alii
244 1884 293 1952 rel
313 1885 388 1975 quia
406 1897 501 1952 certa
527 1886 610 1954 illinc
641 1886 713 1955 suso
738 1887 802 1956 siut
821 1908 873 1955 res
898 1906 990 1968 oasa,
1018 1886 1172 1954 cortinam
1199 1888 1290 1973 quasi

131 1973 344 2038 locortinam
364 1983 578 2060 nuncupatum
599 1972 722 2052 volunt,
759 1972 806 2038 rel
827 1997 847 2040 a
868 1913 995 2041 graeco
1023 1971 1216 2061 etymologia
1236 1992 1290 2038 ro·

160 2056 318 2125 'osbulum
353 2058 505 2137 traxisse,
540 2057 588 2123 rel
622 2071 727 2138 certe,
768 2057 856 2147 quod
880 2058 975 2145 juxta
1004 2057 1156 2123 Serrium
1185 2058 1290 2124 serius

172 2153 238 2222 est,
260 2142 334 2230 quia
354 2140 415 2208 illio
435 2164 493 2209 cor
508 2144 586 2210 ratis
607 2144 783 2213 tenebatur.
824 2141 909 2210 Nam
931 2163 1087 2227 caverna,
1114 2140 1233 2229 iuquit,
1258 2143 1290 2207 in

171 2226 289 2314 templo
323 2226 467 2314 Apollinis
507 2228 580 2307 fuit,
614 2226 655 2294 ad
689 2251 800 2317 quam,
843 2239 938 2296 utet
964 2224 1290 2308 Lucanosostendit,

171 2312 321 2379 Phoebas
342 2324 431 2398 raptu
452 2312 686 2381 vaticinabatur.
740 2312 836 2382 Unde
857 2324 924 2381 est:

130 2406 169 2458 sd
257 2392 426 2482 Confregit
446 2395 495 2459 nd
517 2398 691 2485 tripodas,
722 2399 880 2486 votisque
900 2398 1061 2463 immersa
1082 2398 1251 2475 cavernis,

255 2478 400 2557 Haesit,
428 2490 463 2544 et
482 2479 616 2548 insueto
639 2485 793 2572 concepit
807 2493 945 2569 pectore
968 2503 1106 2546 nomn.

171 2563 268 2640 Quod
322 2576 429 2630 autem
478 2565 578 2652 tripos
625 2568 711 2634 corio
752 2567 908 2669 Pythonis
948 2576 1051 2634 tectus
1088 2563 1137 2630 rel
1180 2572 1288 2660 septus

171 2650 230 2731 sit,
263 2668 360 2797 super
384 2645 461 2713 illud
488 2649 634 2801 §uadem
661 2652 785 2720 Lucani
818 2649 967 2718 ducimus:
1011 2650 1079 2716 Seu
1106 2644 1289 2712 barbarico

173 2756 279 2823 quum
314 2732 461 2820 ompnds
548 2735 628 2800 tiron
654 2738 757 2802 arsit.
807 2735 1013 2803 Divinatiouis
1029 2754 1105 2799 rero
1127 2732 1289 2808 Phoebus,

130 2829 211 2888 aaut
231 2818 276 2885 ait
295 2815 504 2904 Fulgentius,
537 2817 617 2887 deus
644 2832 790 2910 putatur,
824 2844 881 2889 seu
906 2819 994 2910 quod
1021 2818 1127 2885 omnia
1154 2817 1291 2897 obscura

173 2903 220 2973 sol
241 2903 272 2968 in
292 2901 396 2968 lucem
417 2904 615 2986 manifestat,
635 2930 694 2974 seu
713 2903 800 3010 quod
821 2908 851 2972 in
871 2926 1022 2994 processu
1036 2926 1096 2973 suo
1117 2914 1152 2970 et
1172 2921 1290 2970 occasu

171 2990 339 3076 mpltarum
358 3007 464 3054 rerum
485 2990 631 3058 exhibeat
650 2991 920 3080 significationem.

258 3122 289 3188 6.
331 3117 529 3207 Quadrigam
552 3119 687 3186 Phoebo
708 3121 882 3187 attribuunt
900 3142 958 3186 seu
986 3120 1058 3207 quia
1082 3115 1292 3206 quadriparti-

174 3207 214 3274 tis
232 3217 409 3294 temporum
428 3205 648 3285 varietatibus,
667 3205 749 3272 reris
769 3205 911 3273 videlicet
931 3217 964 3273 et
984 3205 1127 3282 aestatis,
1152 3198 1292 3270 autumni

133 3303 211 3359 suet
231 3293 358 3372 hiemis,
378 3291 451 3357 anni
482 3290 633 3358 circulum
654 3301 807 3379 peragat,
838 3315 894 3358 seu
916 3289 1003 3378 quod
1023 3288 1224 3377 quaternaria
1243 3284 1293 3353 sui

175 3377 356 3446 diversitate
376 3374 439 3442 diei
458 3376 593 3463 spatium
612 3377 787 3443 emetiatur.
841 3374 937 3442 Unde
958 3388 991 3441 et
1024 3373 1182 3461 condigna
1244 3370 1293 3438 uis

174 3464 242 3552 ejus
274 3463 400 3547 nomina
450 3482 573 3528 osuere.
613 3461 810 3551 Erythraeus
831 3484 966 3549 namque
992 3457 1133 3538 rrrbens,
1169 3463 1195 3526 A
1251 3477 1292 3523 ou

173 3547 374 3635 splendens,
446 3569 555 3635 ampos
583 3547 699 3612 locens
715 3548 769 3632 ¹vel
789 3547 932 3622 ardens,
964 3543 1138 3631 Philogeus
1169 3562 1292 3608 amnne

174 3643 304 3697 terram
325 3632 559 3718 interpretatur.
602 3633 686 3698 Vere
701 3633 783 3697 enirn
805 3630 934 3718 singulis
956 3629 1067 3695 diebus
1089 3648 1182 3694 mane
1198 3627 1292 3693 rubet

134 3714 241 3791 ³⁶sol,
274 3715 361 3804 quod
383 3728 475 3784 sonat
501 3717 716 3806 Erythraeus;
749 3717 781 3782 in
803 3727 925 3783 aestate
953 3715 1019 3780 sire
1047 3712 1187 3801 quotidie
1214 3711 1294 3776 bora

173 3800 267 3868 tertia
299 3799 459 3882 slendet,
496 3801 583 3890 quod
602 3803 760 3889 significat
781 3804 921 3881 betb0n3
961 3812 1110 3866 autumno
1133 3795 1294 3862 rero'sire

176 3885 228 3951 die
260 3825 364 3952 media
395 3886 426 3952 in
458 3900 567 3955 centro
594 3889 660 3979 jarn
700 3886 819 3977 positus
847 3887 997 3953 immensa
1029 3884 1100 3970 luce
1135 3890 1293 3957 coruscat,

176 3969 261 4058 quod
295 3969 390 4037 docet
417 3971 577 4061 Lampon
612 3996 684 4041 sero
717 3994 793 4037 vero
827 3969 1020 4045 occidendo,
1058 3967 1122 4033 sire
1149 3978 1297 4052 temporo

177 4053 301 4122 hiemali
322 4077 379 4144 per
400 4055 492 4143 signa
521 4059 670 4125 inferiora
691 4057 902 4136 transeundo,
932 4070 1086 4123 terrarum
1108 4051 1175 4139 jam
1197 4048 1296 4114 decli·

136 4142 227 4244 toria
240 4141 339 4243 petit,
372 4140 460 4229 quod
481 4142 640 4230 significat
661 4144 845 4230 Philogeus.
894 4141 973 4208 Inde
994 4150 1043 4205 est
1063 4148 1096 4204 et
1115 4133 1189 4204 illud
1208 4134 1295 4201 Mer-

175 4238 267 4295 uam:

263 4311 422 4394 Quotuor
453 4308 605 4399 alipedes
636 4308 759 4374 dieunt
785 4321 818 4374 te
840 4308 982 4397 flectere
1016 4304 1167 4383 lunisonis,

191 4432 195 4444 ·
264 4392 365 4478 Quod
386 4392 477 4457 solus
495 4394 639 4461 clonrr‘tes
656 4416 761 4498 parom
780 4393 867 4457 dont
884 4393 1047 4457 elementa
1064 4389 1275 4475 quadrigam
1284 4408 1303 4465 ς.

179 4477 214 4545 id
233 4494 283 4547 ost
302 4500 436 4556 annum,
457 4490 494 4544 ut
513 4479 558 4545 ait
579 4479 757 4565 Remigius,
779 4489 913 4567 quatuor
934 4476 1126 4561 temporibus
1149 4482 1298 4538 constan·

144 4573 264 4645 totem3
310 4585 392 4650 quae
428 4575 573 4653 tempora
606 4563 698 4655 juxta
736 4563 885 4657 physicos
922 4562 1146 4629 elementorum
1177 4557 1297 4624 babere
