2640 5130
153 221 237 299 252
404 223 586 326 Mythogr.
614 224 685 297 111.
740 219 803 295 Al.
871 218 1012 297 7-8.

155 406 285 476 tandem
306 407 445 475 veritatis
464 404 580 473 indicio
600 427 656 474 rea
676 429 748 475 esse
778 405 992 494 cognoscitur.
1034 405 1129 481 Quae
1154 403 1276 495 quidem

157 495 253 561 virtus
275 515 370 583 prava
393 490 623 561 consuetudine
652 491 757 559 illecta
789 491 895 558 vinclis
925 491 1196 577 constrictioribus
1229 514 1276 558 os·

157 578 297 648 tenditur
321 588 475 646 catenata.
527 578 636 644 Venus
656 577 764 666 itaque
782 575 920 665 quinque
941 576 1024 643 Solis
1044 575 1143 656 filias,
1173 575 1209 643 id
1233 589 1278 644 est

160 665 298 754 quinque
318 664 470 730 humanos
496 684 607 729 seusus
634 662 695 730 luci
716 685 756 728 ac
784 661 905 729 veritati
928 658 1073 742 deditos,
1107 673 1141 729 et
1161 660 1206 730 ad
1225 684 1279 729 va-

136 751 239 816 triam
270 770 376 816 rerum
411 748 666 837 perceptionem,
702 758 738 814 ut
771 747 909 834 probant
940 746 1062 835 philcso
1086 746 1138 825 hi,
1180 747 1279 827 datos,

159 835 249 923 quasi
282 834 356 900 solis
389 832 509 913 foetus,
543 833 605 900 hac
634 832 814 920 corruptela
846 830 1002 900 obfuscat.
1089 832 1170 899 ullus
1201 834 1280 899 enim

159 942 270 986 sensus
292 930 351 998 est,
372 940 465 1066 ‹puem
491 939 554 985 nou
575 917 639 984 suis
659 916 811 984 illecebris
831 915 972 1003 voluptas
991 916 1120 985 inliciat.
1162 916 1280 992 Quibus

160 1016 265 1072 autem
284 1004 377 1090 singu
389 1026 425 1070 os
447 1002 697 1092 corruptionibus
725 1001 887 1082 molestet,
915 1000 946 1067 in
967 1001 1126 1069 Martiano
1149 1024 1281 1092 ,sompe-

161 1088 276 1157 tentius
297 1088 395 1190 leges.
438 1089 593 1177 congrua
614 1100 720 1155 autem
751 1086 874 1153 filiabus
895 1085 978 1153 Solis
998 1089 1124 1156 nomina
1143 1089 1282 1155 tribuum

121 1185 224 1245 totur.
264 1173 390 1242 Dicitur
412 1173 493 1239 enirn
515 1174 614 1263 prima
644 1171 821 1259 Pasiphae,
849 1168 882 1236 id
912 1182 963 1237 est
987 1171 1146 1238 omnibus
1173 1196 1284 1261 oppa-

162 1279 260 1337 rans,
294 1272 333 1327 ut
352 1259 452 1339 visus3
485 1258 567 1326 risus
589 1258 673 1325 enim
694 1255 815 1323 nonnisi
834 1256 877 1336 2in
899 1253 1003 1322 modio
1024 1258 1127 1345 positu
1146 1270 1284 1324 contem·

162 1342 274 1432 platur.
336 1343 487 1411 Secunda
521 1341 654 1424 Medea,
690 1339 724 1408 id
759 1353 809 1408 est
842 1339 944 1406 nulla
974 1339 1081 1423 visio,
1116 1342 1284 1431 designans

164 1425 313 1497 auditum.
367 1428 438 1496 vox
466 1427 549 1495 enirn
571 1428 654 1495 uuha
687 1447 841 1517 corporea
862 1435 920 1491 est.
968 1424 1080 1493 'l'ertia
1109 1426 1222 1509 Circe,
1253 1426 1285 1494 id

165 1523 215 1580 est
244 1535 412 1578 nzcnunm
434 1512 630 1601 judicium,
657 1535 740 1601 quae
771 1532 832 1601 pro
851 1521 940 1577 tactu
961 1510 1125 1599 accipitur.
1167 1513 1286 1588 Quarta

125 1597 334 1678 tsPhaedra,
355 1597 388 1664 id
409 1608 460 1665 est
475 1593 625 1687 offerens
644 1595 872 1673 suavitatem,
893 1614 977 1681 quae
997 1597 1158 1683 significat
1175 1598 1287 1665 odora·

165 1696 244 1752 turn.
293 1682 410 1757 Quinta
430 1682 530 1750 Dirce
558 1695 624 1762 est,
677 1703 737 1748 uae
760 1701 840 1746 acre
856 1679 1029 1768 judicata
1056 1683 1287 1773 interpretatur.

166 1768 228 1837 Est
248 1769 330 1834 enini
351 1779 464 1857 gustus
485 1768 607 1856 saporis
620 1706 729 1856 judex.

250 1855 282 1956 7:
325 1852 420 1957 Qupd
442 1873 517 1918 vero
537 1852 697 1955 Pasiphae
716 1862 842 1919 taurum
862 1871 1001 1930 amasse,
1024 1851 1289 1957 etldinotaururp

128 1936 744 2102 20ttttt¹⁵ttd÷lll‘nitl⁰httt
764 1945 1027 2100 tittfhtlt,
1045 1937 1291 2111 {hilaritati

193 2109 271 2185 uae,
303 2129 383 2174 uror
413 2106 545 2185 Minois,
582 2106 687 2176 furtim
726 2107 856 2184 amavit,
891 2117 924 2174 et
956 2129 1029 2172 cum
1064 2130 1105 2174 eo
1132 2108 1172 2174 in·
1197 2108 1291 2176 domo

170 2132 304 2258 l)aedali
326 2193 514 2271 concubuit;
536 2202 569 2258 et
589 2195 662 2278 quia
683 2191 827 2279 geminos
844 2190 975 2279 peperit,
996 2213 1094 2259 unum
1114 2193 1158 2260 de
1177 2194 1292 2269 Minori,

172 2278 303 2343 alterum
328 2277 369 2343 de
400 2277 528 2354 Tauro,
568 2279 659 2344 enixa
688 2299 760 2342 esse
785 2276 997 2342 Minotaurum
1025 2276 1147 2346 dicitur.
1201 2279 1293 2347 Unde

173 2361 338 2447 Virgilius:
390 2362 546 2427 Mirtum
564 2384 686 2450 gersus.
737 2362 822 2427 Sane
844 2361 918 2427 huic
940 2361 986 2426 rei
1003 2363 1077 2449 quia
1107 2386 1294 2432 consensum

132 2462 168 2513 to
173 2446 323 2597 praebuit
342 2444 524 2521 Daedalus,
554 2468 610 2512 res
631 2448 728 2513 iratus
750 2469 822 2512 eum
852 2446 883 2511 iu
911 2468 1073 2516 carcerem
1094 2451 1206 2532 trusit;
1237 2448 1294 2517 sed

186 2530 250 2596 nde
273 2552 345 2597 eum
367 2531 480 2618 regina
501 2535 657 2618 corruptis
679 2530 828 2599 relaxarit
847 2532 1041 2598 custodibus.
1094 2533 1160 2607 Qui
1181 2535 1296 2603 amisso

174 2617 206 2683 in
228 2616 307 2682 mari
325 2615 398 2696 filio,
419 2615 488 2683 navi
509 2618 627 2683 Cumas
646 2619 737 2684 venit
779 2614 875 2691 Quod
901 2617 996 2685 etiarn
1016 2617 1166 2705 Virgihus
1185 2621 1297 2709 tangit,

177 2701 302 2769 dicens:
343 2702 508 2790 Remigio
528 2701 676 2768 alarum.
734 2701 809 2767 Alae
833 2702 914 2768 enim
939 2702 1149 2769 etvolucrum
1172 2717 1299 2773 suntet

177 2788 310 2854 navium.
360 2785 455 2853 Unde
473 2784 558 2851 idem
580 2786 667 2855 alibi:
714 2786 879 2852 Veiorum
895 2787 1084 2874 prandimus
1103 2790 1194 2854 alna.
1243 2791 1299 2858 Fl-

138 2873 237 2944 tolios
259 2894 333 2938 vero
355 2870 606 2950 Atheniensium,
638 2872 690 2960 qui
711 2869 752 2939 ad
772 2872 983 2939 Minotaurum
1004 2869 1177 2939 devorandi
1197 2875 1300 2944 mitte·

181 2961 315 3037 bantur,
335 2959 402 3024 auri
424 2970 457 3026 et
474 2957 597 3042 argenti
619 2957 759 3046 pondera
774 2968 853 3107 post
873 2958 969 3023 victas
989 2958 1127 3025 Athenas
1149 2960 1248 3026 Minoi
1268 2963 1300 3027 in

181 3044 331 3112 tributum
351 3043 445 3110 missa
473 3043 608 3109 arbitror
633 3043 771 3131 accipien
796 3066 825 3108 a.
876 3042 980 3108 Porro
1001 3044 1097 3110 Circe
1111 3044 1206 3133 juxta
1225 3048 1300 3113 Ser-

181 3129 264 3195 rium
300 3129 343 3194 nb
372 3128 435 3195 hcc
466 3137 587 3193 tautum
617 3129 699 3195 Solis
728 3128 858 3214 lingitur
888 3128 966 3205 lilia,
1012 3128 1098 3215 quod
1132 3129 1302 3198 clarissima

181 3213 330 3280 meretrix
352 3212 427 3293 luit,
461 3225 493 3278 et
513 3212 580 3279 sole
600 3211 813 3279 nihilclorius
842 3224 899 3279 est.
953 3213 1061 3292 Haec,
1093 3214 1213 3301 inquit,
1244 3240 1302 3284 sua

141 3298 310 3370 aslibidine
329 3308 363 3365 ct
383 3296 599 3364 blandimentis
620 3298 760 3365 homines
782 3298 813 3362 in
835 3299 965 3363 lerinam
986 3300 1079 3365 sitam
1100 3300 1143 3364 ab
1167 3300 1303 3370 humana

182 3381 378 3462 deducebat,
399 3394 435 3449 ut
454 3381 570 3449 libidini
592 3395 625 3450 et
649 3383 717 3448 volu
742 3383 858 3450 tatibus
879 3405 1008 3470 operam
1029 3383 1151 3451 darent.

264 3469 296 3533 8.
336 3466 388 3533 De
410 3488 450 3532 ao
480 3488 572 3542 vero,
604 3467 690 3554 quod
713 3407 850 3556 Acyllam
877 3469 1058 3549 mutaverit,
1094 3469 1175 3536 haec
1199 3469 1304 3536 fabula

181 3553 256 3619 fictu
279 3561 336 3617 est.
393 3548 529 3640 Scyllam
552 3553 703 3639 virginem
725 3553 964 3641 pulcherrimam
995 3554 1156 3633 Glaucus,
1187 3557 1305 3623 Authc·

183 3637 267 3702 done
288 3636 413 3702 civitate
442 3637 618 3704 secundum
651 3638 818 3728 plerosque
846 3650 956 3720 natus,
988 3639 1073 3705 'uxta
1100 3637 1305 3722 Fulgentium

141 3742 260 3795 cavero
298 3719 491 3787 Anthedonis
525 3723 624 3800 lilius,
661 3723 784 3790 amarit.
838 3724 935 3790 Hunc
995 3726 1079 3801 irce,
1119 3725 1202 3792 Solis
1233 3727 1305 3807 filia,

184 3807 353 3896 diligebat,
383 3804 547 3894 celataque
569 3807 722 3899 Scyllam,
755 3808 891 3888 sontem,
924 3810 957 3874 iu
976 3832 1040 3896 quo
1059 3807 1154 3877 lavari
1174 3812 1306 3889 solebat,

185 3892 311 3960 venenis
330 3888 456 3972 inlecit3
489 3891 543 3958 ubi
570 3893 620 3957 illa
641 3890 854 3971 descendens,
891 3896 932 3960 ab
953 3894 1083 3980 inguine
1112 3895 1143 3961 lu
1165 3895 1193 3962 is
1222 3896 1306 3963 cani-

185 3982 308 4067 busque
326 3978 444 4043 inserta
464 3990 521 4044 est.
577 3978 700 4046 Veritas
722 3979 818 4064 longe
841 3978 900 4044 alia
921 3991 978 4046 est.
1029 3918 1196 4046 Anthedon
1226 4005 1307 4047 con-

186 4064 338 4129 trarium
357 4060 496 4137 videns,
525 4060 666 4129 Glaucus
687 4062 821 4141 latreus,
853 4062 958 4153 Scylla
981 4062 1137 4150 confusio
1156 4067 1308 4154 interpre-

143 4159 279 4217 tatatur.
322 4146 518 4231 Exignaria
543 4159 679 4233 ergoet
710 4149 831 4214 incuria
850 4150 967 4235 (quas,
1003 4149 1077 4235 quia
1109 4173 1218 4218 earurn
1240 4153 1308 4216 finis

184 4254 307 4301 morum
329 4230 488 4320 corruptio
512 4246 714 4323 extremaque
743 4232 879 4325 perditio
908 4235 966 4315 sit,
1003 4236 1160 4302 contraria
1191 4237 1310 4304 ueritati
