2640 5130
433 631 613 736 nryuogr.
642 634 693 706 u.
749 630 825 717 re.¹
1116 631 1191 708 ror

55 826 247 909 praecepto,
265 816 298 899 iu
313 838 385 887 cem
397 825 515 888 terrem
530 816 665 898 devenit,
688 840 771 908 quae
786 824 899 907 postea
920 836 940 881 a
960 811 1041 880 hove
1055 812 1193 884 Boeotia

57 905 149 971 dieta
178 916 237 973 est
279 905 387 979 Quum
416 917 522 972 autem
552 902 595 970 ad
620 905 731 972 Martis
761 905 881 973 sontem
909 899 1014 968 socios
1041 912 1190 988 aquatum

56 989 216 1069 misisset,
243 988 364 1077 etipse
389 987 461 1056 illuc
487 999 562 1079 post
589 1011 645 1055 eos
668 990 818 1072 venissen
846 999 882 1058 ut
905 986 980 1053 vidit
1000 1006 1020 1050 a
1040 985 1189 1067 dracone,

58 1074 115 1163 qui
134 1072 236 1143 Marti
254 1086 325 1141 erat
345 1086 567 1149 consecratus,
595 1073 699 1144 socios
720 1083 920 1152 consumtus,
944 1083 1123 1158 serpentem
1141 1071 1189 1137 ln·

59 1158 207 1239 teremit,
237 1169 271 1227 et
294 1156 406 1229 dentes
430 1159 498 1249 ejus
518 1158 613 1227 serit:
643 1183 682 1228 ex
703 1161 817 1247 quibus
837 1159 1068 1245 terrigenarum
1081 1156 1212 1235 ¹multi-s

56 1239 140 1311 tudo
160 1243 383 1333 progignitur,
406 1266 491 1347 puae
510 1268 546 1312 se
566 1246 684 1312 mutuis
707 1244 884 1315 vulneribus
904 1243 1077 1316 interemit,
1096 1242 1187 1331 quio-

83 1350 127 1393 ue
142 1338 251 1394 tamen
263 1351 300 1396 su
342 1328 493 1410 rs'titrbus,
505 1351 640 1420 quorum
655 1330 780 1398 nomina
793 1330 889 1399 haec:
911 1327 1044 1407 Echion,
1058 1326 1187 1409 idaeus,

115 1414 253 1485 romius.
288 1351 442 1492 dilutus,
473 1416 673 1505 Hyperenor.
733 1416 797 1491 Qui
828 1415 989 1485 bfincrvse
1027 1413 1187 1493 voluntate

58 1496 187 1565 Cadmo
217 1507 250 1565 et
280 1499 461 1588 Amphioni,
493 1510 605 1567 contus
626 1498 812 1581 dulcedine,
844 1511 882 1568 ut
899 1521 958 1566 suu
975 1511 1090 1586 sponte
1109 1523 1186 1567 sara

59 1582 159 1649 muris
179 1605 218 1652 se
237 1583 451 1686 imponerent,
472 1585 638 1664 efficienti,
659 1585 820 1676 adjutores
841 1581 1077 1654 condendarum
1095 1583 1222 1655 'l'he-to

62 1669 176 1735 barum
197 1666 315 1752 addru,
345 1682 380 1738 ct
396 1668 553 1760 principes
575 1671 661 1743 urbis
682 1682 756 1741 sunt
777 1669 861 1741 sacti.

367 1932 369 1937 ’
458 1937 524 2015 78.
578 1940 797 2024 Cadmus.

144 2090 265 2181 Nupsit
283 2090 428 2161 Cadmus
450 2092 663 2174 Hermionae,
685 2115 768 2181 quae
788 2102 861 2169 nata
882 2101 952 2160 erat
972 2114 1011 2157 ex
1033 2089 1185 2163 adulterio

66 2172 176 2245 blartis
195 2190 230 2244 et
249 2177 403 2258 Veneris3
428 2177 486 2245 sed
507 2176 589 2246 malo
610 2176 723 2245 omine.
765 2178 845 2245 Post
867 2200 940 2245 uam
960 2176 1082 2247 filiabus
1104 2176 1186 2244 Solis

63 2261 171 2330 Venus
200 2285 325 2330 amores
354 2262 496 2338 immisit,
525 2275 558 2330 et
587 2262 733 2351 singulae
759 2264 833 2331 exiti
864 2286 875 2329 ι
903 2263 1015 2329 morbo
1036 2260 1219 2329 detentaers

63 2346 264 2429 interierunt,
291 2346 452 2416 Vulcanus
479 2348 640 2415 Minervae
669 2347 797 2415 consilio
824 2347 939 2415 monile
962 2358 1032 2415 astu
1053 2347 1188 2435 perfecit

63 2432 154 2517 (num
174 2433 335 2501 consciam
357 2433 432 2503 lacti
452 2434 624 2500 Minervam
644 2432 784 2519 indicant
804 2433 887 2499 oculi
910 2434 1103 2520 Gorgonae,
1132 2433 1186 2518 qui
1213 2498 1216 2505 ,

63 2517 93 2581 iu
114 2515 230 2584 eodem
252 2518 357 2584 monili
378 2519 512 2605 gemmis
535 2531 625 2588 erant
644 2517 786 2607 inserti),
822 2518 917 2586 Fecit
934 2539 1015 2604 ergo
1029 2518 1186 2585 Vulcanus

63 2602 176 2667 monile
203 2602 448 2692 pulcherrimum
472 2603 599 2672 infausti
628 2604 758 2685 ominis,
791 2603 836 2671 ita
866 2616 903 2670 ut
931 2624 1064 2670 necesse
1101 2614 1186 2670 esset

63 2685 125 2752 hoc
153 2687 270 2754 monile
307 2690 486 2775 gestantem
519 2711 740 2757 aerumnarum
774 2687 855 2755 mole
884 2688 1027 2776 opprimi.
1087 2687 1183 2763 Quod
1191 2707 1228 2754 so

64 2768 151 2838 dedit
177 2772 393 2854 Hermionae,
431 2773 547 2851 Martis,
576 2775 615 2853 et'
640 2772 771 2841 Veneris
801 2773 904 2853 tiliae,
935 2796 1032 2860 quum
1060 2772 1186 2841 Cadmo

64 2856 218 2943 Agmoris
239 2857 303 2924 filio
324 2859 466 2927 nuberet
509 2858 610 2947 eujus
633 2857 715 2925 malo
733 2858 837 2927 omine
859 2855 955 2925 multa
974 2858 1107 2925 adversa
1129 2882 1186 2946 ps-

65 2941 160 3022 uem,
199 2943 367 3009 novbsime
397 2944 522 3010 Cadmo
553 2944 586 3009 in
613 2942 770 3034 Illyricum
799 2942 967 3011 infortunia
998 2943 1186 3010 Thebarum

64 3024 221 3112 fugiente,
248 3049 322 3094 cum
346 3051 387 3094 eo
413 3029 445 3094 in
472 3027 644 3095 draconem
672 3051 825 3095 munerea
855 3040 914 3095 est.
967 3027 1094 3094 Deinde
1122 3029 1187 3095 hoo

64 3112 175 3178 mouile
202 3110 331 3180 Semele
355 3113 507 3200 portauit,
534 3136 617 3201 quae
649 3112 776 3181 fulmine
803 3114 890 3180 lovis
916 3112 1041 3181 interiit.
1091 3110 1226 3181 Idcmsu

63 3193 171 3265 babuit
195 3198 273 3277 luo,
306 3218 417 3285 quae,
431 3198 546 3265 occiso
569 3220 589 3264 a
616 3198 728 3266 marito
755 3197 942 3275 Athamante
965 3219 1022 3283 per
1044 3196 1184 3264 furorem

64 3300 125 3347 uuo
144 3303 185 3348 ex
204 3281 274 3348 tiliis
293 3280 459 3364 Learcho,
481 3306 552 3349 cum
574 3283 651 3365 alio,
672 3282 706 3349 id
726 3294 776 3350 est
795 3283 1005 3357 Palaemone,
1033 3305 1071 3347 se
1091 3302 1185 3369 prae-

65 3365 282 3519 renn
309 3388 419 3517 un
879 3368 999 3517 narr
1022 3366 1184 3520 arna

64 3533 135 3601 Hae
160 3535 260 3623 igitur
309 3473 725 3605 relidict'aeqliliacecadrlri
754 3549 789 3603 et
818 3474 1225 3611 Hermionaeplueruntmo

66 3616 184 3687 Habuit
212 3633 247 3687 et
279 3556 421 3700 locasta,
454 3644 536 3708 quae
569 3643 626 3709 per
655 3642 795 3700 errorem
824 3620 887 3685 lilio
914 3620 1040 3708 Oedipo
1068 3624 1195 3711 nupsit:-

65 3702 183 3771 Habuit
203 3717 238 3771 et
260 3705 358 3791 Argia
368 3743 383 3783 ,·
399 3704 523 3774 Adrasti
545 3707 631 3793 regis
651 3707 732 3786 tilia,
754 3728 773 3770 a
794 3706 905 3773 marito
924 3706 1094 3790 Polynice,
1123 3731 1182 3797 per

66 3787 268 3856 taediarent
294 3792 424 3870 sortito,
453 3813 493 3855 eo
522 3790 657 3871 donata3
687 3814 770 3878 qrrac
801 3790 885 3856 idem
911 3792 1025 3857 monile
1052 3808 1182 3880 propter

64 3873 258 3959 prodendum
279 3875 423 3942 maritum
447 3876 666 3964 Amphiaraum
690 3875 877 3964 Eriphylae,
901 3876 968 3966 ejus
989 3878 1094 3957 uxori,
1115 3893 1180 3944 tra-

66 3956 156 4037 didit,
175 3982 270 4046 quam
287 3972 399 4046 postea
412 3960 492 4026 lilius
508 3960 676 4027 Alcmaeon
694 3963 726 4027 iu
746 3959 912 4027 vindictum
934 3963 1032 4048 patris
1052 3962 1222 4029 occidisse

66 4042 257 4133 Orestesque
287 4046 413 4125 t'urore,
444 4046 550 4111 occisa
579 4059 697 4125 matre,
729 4058 913 4132 correptus,
949 4047 1032 4115 idem
1061 4048 1181 4113 monile

65 4129 189 4228 Apollini
209 4131 417 4196 consecrarit.
459 4130 556 4204 Quod
576 4132 607 4196 in
629 4132 748 4199 sontem
771 4131 957 4218 projectum,
977 4131 1073 4198 hodie
1092 4134 1180 4198 cerni

66 4210 181 4280 ducitur.
223 4213 366 4290 Quodsi
388 4214 457 4304 quia
479 4217 707 4294 attrectaverit,
738 4214 847 4281 dicunt
872 4217 971 4282 solem
1000 4216 1117 4283 ollendi
1147 4230 1181 4286 et

66 4308 264 4450 Soegcpclmtel
300 4299 385 4365 oriri,
401 4301 593 4451 fil§luatrpprd
611 4314 716 4405 autem
742 4322 891 4452 εοὲριιοεί
920 4301 997 4383 Ino,
1024 4306 1179 4405 Autonoe,

66 4406 218 4565 tuorstlrlt
237 4405 398 4539 ebgridlalis
419 4408 760 4557 gileralvlbblcilll,
794 4406 1222 4553 pppunmupbnvpp‘ampppao

67 4555 187 4620 manta.
241 4551 337 4623 Unde
370 4566 403 4624 et
439 4557 567 4625 nomina
606 4556 687 4625 haec
727 4567 866 4646 quatuor
898 4556 1049 4625 Bacchae
1085 4579 1179 4625 acce·

68 4649 182 4721 dmm·
