2692 4762
237 217 239 221 ⁷
319 258 501 359 ngnogr.
527 259 599 331 ur.
653 255 719 332 so.
771 258 919 334 c-r.
1105 264 1188 344 sus

143 436 185 506 V
180 439 215 505 el
229 449 333 528 pater
352 442 566 532 omnipotens
579 442 709 533 adigat
725 464 781 512 me
792 442 952 534 fulmine
970 446 1021 514 od
1035 447 1187 520 umbros.

54 524 116 593 bist
158 523 222 591 uod
242 528 446 615 praesagiat,
474 538 528 595 ut:

176 633 195 674 e
213 610 308 675 coelo
329 623 443 678 tactas
464 609 608 678 memini
624 609 825 698 praedicere
842 633 997 699 quercus.

53 694 133 763 ideo
154 696 248 763 etiam
264 694 356 785 juxta
377 697 523 764 Servium
544 694 676 762 maritus
696 696 829 763 Veneris
859 698 992 784 lingitur
1013 698 1182 781 Vulcanus,

52 783 128 933 rb
158 779 750 932 'illlis'tlllllhlllllttlt
770 780 939 934 etth
954 781 1060 937 hh
1076 786 1208 939 her

55 916 128 1033 est,
143 951 218 1037 quia
235 887 322 1017 inis
342 949 442 1099 perri
463 949 611 1019 duritiam
632 914 748 1018 emollit
768 964 864 1040 atque
884 953 1062 1020 demulcet.

138 1038 170 1103 6.
212 1037 239 1100 Α
295 1037 344 1102 Pa
366 1033 459 1101 adem
486 1046 593 1103 autem
620 1032 771 1124 deinceps
800 1051 1005 1105 revertamur.
1057 1037 1184 1106 Fabula

54 1122 168 1201 habet,
188 1129 319 1209 propter
338 1118 540 1187 Cassandrae
558 1131 703 1208 stuprum
722 1122 835 1188 iratam
854 1123 988 1190 Graecis
1006 1122 1104 1190 inisse
1123 1125 1184 1192 hli-

53 1231 201 1286 nervam,
230 1205 278 1270 vel
298 1205 386 1294 qnod
408 1207 439 1270 ei
457 1206 602 1273 victores
629 1207 778 1294 superbia
798 1208 980 1274 sacrificare
1006 1206 1224 1282 nolueruntro

54 1292 150 1360 Unde
166 1289 409 1357 eosredeuntes
449 1293 608 1358 ravissirna
622 1301 810 1379 tempestate
823 1292 878 1358 sati
904 1305 973 1361 atos
986 1315 1046 1382 per
1058 1292 1183 1363 diversa

53 1379 153 1444 maria
176 1375 332 1465 dispersit.
363 1311 464 1451 ¹inde
479 1376 651 1444 Horatius:
694 1376 811 1458 Quum
832 1313 958 1441 Pallas
978 1390 1056 1442 usto
1076 1382 1184 1446 vertit

55 1464 148 1526 irem
171 1458 215 1525 ab
235 1461 304 1527 Ilio
352 1459 479 1527 Revera
506 1474 613 1529 autem
642 1472 785 1540 constat,
821 1460 966 1528 Graecos
994 1473 1184 1551 tempestato

55 1546 247 1612 laboravisse
266 1545 465 1632 aequinoctio
486 1545 619 1627 vernali,
639 1544 707 1612 sole
730 1546 762 1611 in
782 1544 888 1611 Ariete
912 1546 1033 1633 posito,
1054 1549 1182 1636 quando

53 1632 221 1699 manubiae
248 1630 449 1712 Minervales,
485 1630 518 1697 id
548 1642 597 1699 est
624 1629 787 1697 hrlminnm
813 1628 939 1716 jactus,
975 1643 1223 1719 tempestatesrs

53 1718 255 1803 gravissimas
286 1726 496 1782 commovens
547 1718 642 1784 Haeo
674 1727 781 1781 autern
805 1716 948 1795 numina,
989 1739 1074 1804 quae
1099 1718 1182 1785 inter

54 1803 161 1869 sidera
183 1822 243 1867 non
272 1800 431 1881 videmus,
464 1800 541 1869 licet
570 1803 664 1889 signa
693 1823 750 1867 sua
782 1801 911 1888 propria
939 1822 1002 1865 non
1035 1802 1183 1884 habeant,

55 1910 128 1953 curn
151 1885 218 1954 aliis
238 1897 396 1975 potestate
415 1897 520 1955 samso
541 1888 697 1975 permista
716 1897 808 1965 sunt,
839 1897 876 1954 ut
896 1886 1085 1973 Ophiuchus
1113 1888 1183 1977 ipse

55 1984 105 2039 est
123 1970 345 2059 Aesculapium
367 1972 494 2038 Gemini
513 1994 641 2074 quoque
661 1970 809 2060 Apollinis
830 1982 864 2037 ct
884 1970 1033 2038 Herculis
1055 1973 1182 2061 signum

54 2079 126 2124 esse
147 2056 304 2123 dicuntur.
346 2055 403 2123 Sic
423 2068 457 2125 et
474 2061 564 2124 Artes
577 2058 739 2123 Minervae
758 2059 883 2144 signum
902 2079 973 2125 esse
990 2056 1224 2144 dinoscitur;su

51 2137 192 2292 ideovpue
211 2141 354 2208 Minerva
375 2142 475 2210 fertur
496 2143 641 2209 Graecos
664 2142 807 2229 punisse,
827 2140 915 2292 ‹puod
935 2143 996 2209 snb
1015 2143 1067 2210 illo
1088 2146 1183 2232 signo

53 2228 221 2316 pericitati
253 2239 336 2293 sont.
392 2228 479 2293 Sane
513 2228 546 2293 in
583 2227 792 2295 Etruscorum
845 2227 920 2295 ‘bris
964 2227 1082 2298 lectum
1122 2242 1183 2313 est,

54 2323 143 2379 certa
164 2334 237 2378 esse
257 2312 383 2378 numina
398 2313 504 2400 jactos
528 2311 689 2380 fulminum
709 2310 919 2401 possidentia,
950 2313 1063 2381 Jorern
1092 2314 1185 2382 vide·

52 2397 143 2478 licet,
175 2396 350 2464 Volcanum
378 2409 413 2465 et
438 2398 621 2466 Minervam.
678 2397 775 2464 Unde
806 2397 893 2464 aud
924 2404 1035 2486 poetas
1064 2401 1183 2504 ubipue
1258 2398 1262 2405 ’

54 2497 183 2550 cautum
217 2483 409 2562 invenimus,
456 2504 497 2548 ne
538 2481 604 2550 aliis
641 2482 768 2550 iulmins
830 2505 887 2548 are
926 2498 1222 2571 praesumserintto
1306 2556 1309 2561 ,

55 2569 166 2647 Oliva,
203 2589 287 2656 quae
323 2569 449 2655 signnm
485 2569 573 2655 pacis
612 2578 661 2635 est
686 2567 791 2653 (unde
821 2579 855 2635 et
881 2589 997 2634 nomen
1028 2571 1182 2638 invenisse

55 2653 196 2731 videtur3
230 2656 320 2729 ἔλεος
341 2655 423 2719 enim
445 2655 573 2718 Graece
592 2654 807 2720 misericordis
835 2653 1078 2742 interpretatur)
1106 2656 1182 2721 Pai-

53 2737 135 2817 iadi,
181 2749 293 2825 utpote
332 2738 414 2804 deae
449 2739 639 2826 sapientiae,
687 2738 801 2806 merito
838 2752 1061 2822 consecratur3
1095 2739 1181 2828 quod

55 2822 244 2911 sapientium
266 2823 307 2889 sit
327 2834 361 2891 et
379 2845 493 2913 pacem
513 2845 631 2904 amare,
653 2833 686 2890 et
705 2823 787 2891 inter
804 2821 969 2890 discordes
991 2847 1062 2893 eam
1082 2847 1181 2912 quan-

51 2908 159 2976 tocius
179 2908 365 2988 reiormare.
407 2908 454 2977 Ut
472 2920 579 2975 autem
597 2909 630 2980 in
651 2908 739 2995 pacis
759 2909 912 2997 petitione
940 2930 1047 2976 ramus
1079 2911 1223 2977 olivaeso

54 3015 131 3061 cnm
158 2993 240 3062 vittis
270 2994 440 3072 offeratur,
480 2994 595 3082 partim
625 2993 751 3059 fabulae
776 2995 890 3083 partim
917 3005 1052 3062 naturae
1084 2996 1184 3063 efficit

53 3079 146 3147 ratio.
197 3077 283 3145 Nam
303 3101 401 3165 quum
420 3077 464 3145 de
480 3080 608 3145 nomine
625 3079 834 3160 Athenarum,
863 3090 1017 3166 utsupra
1039 3078 1184 3158 diximus,

51 3162 224 3254 Neptunus
245 3174 280 3231 et
297 3164 440 3230 Minerva
467 3163 710 3244 contenderent,
743 3164 886 3230 Minerva
915 3164 1026 3231 olivam
1056 3165 1185 3254 protulit

34 3259 89 3335 xet
109 3250 216 3317 statim
237 3249 320 3316 vicit.
362 3248 460 3316 Unde
502 3272 577 3316 unm
598 3270 704 3315 rsrnos
725 3248 793 3339 ejus
813 3249 906 3316 alicui
923 3250 1088 3330 offertor„
1103 3250 1183 3318 indi-

53 3343 109 3401 cat
138 3357 211 3401 esse
239 3333 409 3400 meliorem.
503 3336 555 3400 inc
583 3346 617 3402 et
642 3333 716 3400 iliud
744 3334 945 3421 proverbium
980 3335 1100 3405 dictum
1132 3345 1224 3406 estro

51 3416 194 3485 herbam
213 3417 275 3500 clu,
292 3418 327 3486 id
348 3432 398 3487 est
417 3417 579 3487 victoriam
603 3418 757 3486 concedo.
798 3419 836 3485 In
857 3441 875 3486 a
902 3419 1014 3487 onibus
1036 3419 1182 3510 denique,

51 3515 91 3578 ut
111 3505 156 3571 ait
174 3504 297 3584 Varro,
335 3504 467 3570 herbam
503 3506 535 3572 in
568 3505 697 3572 modurn
727 3504 852 3592 palmae
878 3441 979 3572 dabat
1010 3505 1119 3595 aliquis
1142 3506 1184 3587 ei,

54 3609 129 3654 cum
151 3611 215 3678 qno
236 3589 431 3657 contendere
459 3610 523 3655 non
544 3592 738 3670 conahatur,
771 3602 805 3657 et
822 3588 982 3656 meliorem
1012 3613 1084 3657 esse
1105 3592 1184 3658 iate-

54 3673 160 3741 batur.
203 3676 304 3741 Vittas
316 3685 433 3755 autern,
453 3673 487 3739 id
504 3686 554 3741 est
573 3677 692 3743 institas
708 3675 825 3754 laneas,
846 3675 944 3742 habet
959 3697 1064 3742 ramus
1085 3676 1185 3742 olivae

52 3757 146 3839 ideo,
180 3774 215 3826 ot
233 3760 377 3826 inertiam
399 3770 433 3825 et
451 3760 694 3828 imbecillitatem
721 3760 883 3826 offerentis
913 3759 1069 3827 ostendat.
1112 3762 1226 3830 Sci-so

54 3864 125 3910 runs
147 3845 247 3918 enirn,
274 3868 349 3911 oves
370 3845 471 3911 alieno
494 3868 620 3935 semper
640 3844 755 3911 auxilio
777 3844 931 3932 indigere.
981 3845 1088 3914 Vittae
1108 3867 1183 3911 vero

54 3929 271 3995 aviuciendo
289 3928 394 3996 dictae
414 3940 497 3996 sunt.

137 4015 170 4079 7.
210 4014 263 4078 De
282 4015 422 4081 Minerva
451 4016 545 4082 etiarn
575 4011 705 4093 dicitnr,
740 4008 827 4114 qaod
857 4010 949 4079 tibias
982 4009 1183 4079 adinvenerit.

54 4098 179 4173 Quibus
190 4120 288 4185 quum
307 4102 339 4166 in
359 4101 499 4167 convivio
520 4101 652 4164 deorum
669 4097 890 4174 concinuisset,
912 4095 1042 4185 ejusque
1063 4109 1185 4163 tumen·
1205 4091 1212 4111 '

54 4194 102 4250 tes
124 4185 245 4249 buccas
268 4182 310 4248 dii
331 4208 440 4252 omnes
461 4185 646 4265 irrisissent,
682 4184 733 4249 illa
762 4183 804 4248 ad
833 4181 1010 4248 Tritoniam
1061 4181 1227 4254 aludenrso

52 4289 214 4357 pergens,
244 4268 274 4334 in
296 4293 380 4359 aqna
403 4272 516 4340 faciem
538 4292 627 4340 suam
658 4282 783 4357 turpem
803 4265 987 4355 speculata,
1016 4205 1108 4337 tiiias
1128 4270 1185 4338 ab·

777 4381 819 4450 15
