2692 4762
372 251 554 357 upum.
578 249 649 327 ur.
703 248 743 326 u.
798 249 861 342 ro.
1102 252 1186 331 soa

56 454 130 516 tur,
158 439 290 531 Apollini
310 451 554 522 comecrautur,
585 448 696 530 utpote
717 436 780 506 deo
801 436 994 521 medicinae,
1089 462 1184 526 quem

55 529 162 595 lucem
192 528 374 595 sortiuntur.
425 528 512 594 Hinc
539 537 573 594 ct
599 523 820 614 Aesculapius,
856 525 931 614 quia
966 548 985 591 a
1045 525 1183 593 oronidrs

55 627 151 680 utero
187 612 302 680 dicitur
326 625 492 693 exsectus,
528 612 624 701 ipsius
653 611 785 696 fingitur
812 608 901 677 filius.
954 609 1183 699 Interpretatur

56 710 165 764 autem
194 697 397 801 Aesculapius
428 700 515 762 durs
529 695 685 847 [paciens.
741 697 916 762 Caesarum
943 697 1037 764 etiam
1069 696 1182 763 iamffla

55 784 133 849 ideo
160 804 253 851 sacra
277 785 434 859 renuebat
460 784 529 870 Apo
561 782 625 862 uis,
670 783 744 870 quia
774 781 828 869 qui
854 781 973 870 primus
1002 780 1045 847 de
1072 797 1205 848 coruunt

58 868 176 934 familia
198 869 272 947 luit,
306 880 436 935 exsecto
458 868 566 934 matris
588 878 696 933 uentre
717 877 767 933 est
788 881 983 955 procreatas.
1039 866 1133 934 Unde
1151 879 1184 934 et

57 952 270 1021 accedendo
300 954 423 1019 Caesar
452 951 557 1021 dictus
591 964 657 1034 est,
693 952 769 1019 licet
796 951 902 1018 variae
931 953 1023 1042 hujus
1050 952 1183 1020 nominis

58 1039 207 1105 dicautur
230 1038 451 1128 etymologiae

145 1152 196 1218 16.
237 1151 364 1220 Dicitur
381 1150 437 1217 Sol
456 1149 489 1215 in
510 1170 664 1215 oceanum
685 1150 805 1239 mergi,
826 1161 860 1218 et
885 1150 928 1217 ibi
951 1148 1083 1238 fatigata
1109 1151 1181 1218 refi-

61 1258 138 1304 cere
159 1235 293 1316 lumina,
324 1233 462 1323 indeque
484 1255 578 1300 mane
597 1233 680 1303 lotus
700 1256 876 1322 emergere
930 1235 1057 1303 Revera
1075 1249 1225 1306 autemto

60 1323 71 1340 ⁹
100 1322 146 1388 nis
165 1320 275 1389 soiisa
299 1343 340 1387 ua
360 1322 512 1399 nutritur3
533 1319 620 1408 quod
642 1333 675 1387 et
691 1322 850 1409 politicum
872 1320 1056 1409 figmentum
1078 1333 1184 1389 osten-

86 1421 127 1487 ιι,
158 1406 245 1493 quod
277 1345 392 1474 dicitur
421 1405 567 1494 luppiter
588 1427 660 1471 cum
682 1406 797 1474 ceteris
819 1405 878 1472 diis
906 1408 947 1471 ab
979 1405 1183 1510 Aethiopibus

62 1491 106 1559 ad
127 1491 234 1580 epulas
255 1491 410 1558 inritatus.
451 1489 620 1579 Aethiopes
642 1491 724 1558 enim
748 1490 839 1582 juxta
860 1512 1013 1558 oceanum
1031 1491 1183 1571 babrtant,

66 1576 156 1668 euius
177 1598 260 1666 aqna
281 1578 343 1642 llll
364 1577 556 1664 planetarum
577 1576 669 1662 ignes
699 1588 882 1666 pascuntur.
932 1577 1039 1644 Habet
1066 1576 1183 1656 subula,

63 1669 193 1730 Atreum
224 1673 258 1730 et
289 1661 467 1751 'l'byeatem
496 1681 668 1747 germanos
699 1684 795 1749 quum
831 1662 864 1727 in
892 1659 1087 1729 dissensione
1124 1663 1224 1730 sibilo

64 1745 735 1900 litatblltltl‘slilll'bt
756 1745 1089 1900 {illstl‘lttn
1110 1749 1186 1898 ill

63 1917 160 1984 fnium
184 1917 214 1984 ei
234 1856 423 2006 epuldudnm
444 1916 598 2019 apposuit
652 1916 749 1992 Quod
769 1918 826 1983 Sol
856 1916 983 1996 ridens,
1020 1941 1061 1983 ne
1087 1918 1185 2006 pollu-

67 2014 195 2081 eretur,
235 2000 370 2090 aufugit.
422 2000 571 2069 Veritatis
604 2013 708 2068 autem
744 2003 831 2091 juxta
860 2003 1003 2069 Serrium
1034 2003 1185 2072 tantillum

54 2098 125 2171 est.
179 2090 292 2155 Atreus
328 2084 415 2175 apud
445 2086 598 2175 Mycenas
636 2087 710 2153 solis
737 2087 875 2175 eclipsim
912 2087 1030 2176 primus
1058 2089 1227 2158 invenitus

66 2173 131 2241 Oui
152 2170 292 2238 inridens
311 2172 409 2241 frater
430 2193 470 2237 ex
490 2173 571 2237 urbe
589 2170 734 2239 discessit
752 2185 915 2263 tempore,
936 2196 1000 2262 quo
1022 2173 1089 2257 eius
1110 2196 1186 2264 pro·

65 2258 144 2324 bata
163 2270 236 2326 sunt
258 2256 353 2325 dicta.
406 2257 494 2325 Saue
515 2255 640 2322 numina
670 2280 728 2346 pro
747 2256 823 2327 locis
844 2270 908 2325 tam
931 2261 1051 2344 figuras
1074 2262 1186 2336 rarius,

67 2357 163 2409 'uam
195 2356 228 2409 et
266 2342 392 2409 uomina
425 2340 549 2408 diversa
590 2342 772 2410 sortiuntur.
830 2342 914 2410 Na'm
955 2344 1063 2432 Apollo
1100 2346 1187 2437 apud

101 2427 208 2517 alpinos
230 2426 366 2494 bumana
387 2425 440 2493 effi
466 2429 513 2508 ia,
538 2424 624 2515 apud
645 2427 777 2530 Lyciam
798 2427 903 2516 lupina
924 2428 1070 2518 fingitur,
1099 2432 1185 2521 apud

65 2511 170 2580 Delon
191 2533 264 2579 vero
286 2515 419 2580 formam
440 2449 537 2579 iubet
555 2512 784 2580 draconrnam.‘
810 2515 1051 2583 Constatetiam
1072 2539 1229 2590 secun-us

66 2597 144 2664 dum
173 2598 223 2663 Po
260 2598 340 2701 byrii
369 2597 500 2677 librum,
544 2619 638 2685 quern
674 2598 784 2662 Solem
821 2599 1000 2688 appellavit,
1034 2600 1187 2690 triplicem

66 2704 140 2751 esse
159 2619 304 2787 Apoffints
324 2696 532 2774 potestatem,
554 2696 587 2749 et
607 2681 742 2749 eundem
763 2705 834 2750 esse
858 2684 964 2751 Solem
987 2685 1072 2774 apud
1092 2709 1188 2775 supe-

69 2772 143 2848 rol,
159 2769 312 2836 iubenum
333 2780 455 2858 patrem
476 2768 507 2835 iu
529 2767 631 2848 terris,
653 2767 824 2856 Apollinem
845 2770 931 2858 apud
946 2769 1082 2852 inler0s3
1104 2771 1189 2838 unde

68 2864 105 2922 et
126 2852 222 2945 adyta
242 2854 272 2922 ei
295 2864 532 2921 consecrantur.
585 2853 648 2920 Est
679 2867 785 2920 autem
812 2852 946 2944 adytum
978 2854 1107 2924 interior
1140 2856 1188 2923 rei

67 2937 228 3007 subterior
289 2950 405 3007 ratem
429 2938 448 3003 ii
479 2937 563 3006 dicta
598 2939 740 3027 paranti
765 2938 887 3013 irrasin,
921 2938 1007 3028 quod
1028 2965 1047 3007 a
1066 2943 1230 3028 paucisne

66 3023 173 3091 idest
201 3047 274 3093 sors
302 2961 520 3092 sacerdistibus
541 3022 683 3089 adeatur.
736 2962 817 3090 inde
848 3023 941 3092 etiarn
969 3025 1029 3092 tria
1055 3026 1191 3113 insignia

69 3108 672 3263 iitibtllllllm'istltt
698 3107 1190 3264 'iiimteimiiiiiiiiii

68 3288 230 3346 terrenum
253 3302 367 3347 numen
389 3217 538 3361 ditendit,
558 3303 592 3346 sa
619 3240 701 3354 ittad,
723 3215 838 3366 iniins
857 3217 1003 3381 ,idleinus
1023 3294 1056 3348 et
1079 3283 1190 3350 noxius

68 3362 151 3432 dens
170 3364 336 3434 iudicatur.
375 3365 456 3432 Inde
476 3377 510 3433 et
528 3369 553 3432 A
577 3389 596 3431 o
658 3387 677 3430 a
698 3363 825 3430 Graeco
845 3367 1001 3445 anolus,
1024 3365 1057 3432 id
1079 3381 1129 3436 est
1149 3369 1232 3441 absa

68 3449 331 3516 exterminando
351 3451 399 3517 rel
413 3389 606 3538 perdendo,
639 3461 674 3516 ut
698 3447 850 3527 diximus,
881 3449 986 3517 dictus
1007 3465 1066 3520 est.
1106 3452 1193 3520 Hinc

73 3543 141 3612 est,
172 3535 258 3622 quod
280 3537 441 3617 Homerus
464 3556 536 3601 eum
558 3550 624 3603 tam
647 3533 841 3622 pestilentiae
870 3531 948 3602 dicit
969 3558 1062 3624 qnam
1084 3537 1192 3606 salutis

70 3628 243 3686 auctorem.
285 3622 372 3687 Hinc
391 3634 424 3688 et
444 3621 525 3687 irato
547 3619 676 3709 Apollini
700 3640 809 3684 arcum
831 3628 863 3685 et
882 3620 1036 3709 sagittas,
1066 3621 1193 3711 placido

71 3724 147 3770 sero
168 3704 318 3773 citharam
340 3707 548 3794 assignamus.
604 3703 701 3772 Unde
721 3703 893 3771 Horatius:

155 3814 299 3882 Condito
318 3817 418 3883 mitis
436 3817 664 3906 placidusque
686 3814 753 3878 telo
1200 3833 1236 3882 aa

154 3900 333 3988 Supplices
350 3904 438 3967 audi
452 3925 578 3990 pueros
603 3898 743 3987 Apollo.
767 3948 771 3953 .

154 4010 278 4078 Dicitur
296 4026 400 4082 autem
425 4026 457 4079 et
475 4012 548 4077 ideo
573 4011 671 4099 lyram
694 4011 829 4090 habere,
868 4009 956 4098 quod
979 4034 1036 4099 per
1059 4034 1208 4096 concor--

70 4095 154 4164 dium
177 4097 288 4164 caari·
309 4112 341 4165 et
364 4100 504 4166 humoris
532 4098 636 4162 omnia
670 4105 895 4184 temperantur.
949 4096 994 4164 Et
1021 4099 1194 4166 matbema-

69 4182 124 4250 tici
146 4196 308 4260 asserunt,
330 4187 474 4271 quotiens
496 4184 543 4251 sol
567 4205 638 4249 cum
662 4204 739 4248 arcu
767 4181 967 4269 apparuerit,
988 4185 1195 4270 pestilentiam

70 4270 320 4335 subsecuturam.
1202 4288 1237 4339 to
