2640 5130
166 257 248 334 aaa
464 218 663 367 'nrpmge
690 221 763 347 111ss
815 263 881 350 ru,
935 266 972 351 ι.

168 444 317 548 spiratum
349 447 589 537 interpretatur:
623 463 737 542 quarta
755 454 884 544 Agara,
910 475 1025 547 quum,
1055 456 1134 547 quia
1155 456 1285 526 nominis

169 554 238 633 epus
257 536 475 634 interpretatio
498 537 544 605 rel
564 537 749 641 incongrua·
761 541 897 644 lortssse
917 541 981 609 risa
1002 554 1071 621 est,
1102 541 1151 609 rel
1166 543 1285 611 Latinis

170 629 1287 800 ltttttntttbtn‚llll¹tt⁸¹¹ttrt⁰tttttl¹⁰⁰tnttt

146 785 313 860 sabscidit
371 788 416 858 Ut
435 800 540 861 autem
562 794 656 880 paulo
678 795 768 863 altius
789 793 885 863 ordiri
907 793 1085 876 rideamus,
1122 797 1223 866 babet
1241 798 1286 865 t'a-

170 871 259 948 bula,
303 871 459 958 Gigantes
481 877 644 947 Bacchum
662 879 850 949 inebriatum
870 880 1043 962 invenisse,
1073 892 1106 949 et
1128 880 1285 973 discerpta

169 962 287 1056 eop‘or
304 960 464 1038 membra,
502 963 599 1031 trusta
628 987 664 1030 se
686 966 794 1045 elisae,
827 976 954 1035 etoum
976 967 1167 1055 paulopost
1189 968 1285 1035 viram

169 1054 202 1141 et
221 1051 379 1143 mtegram
402 1045 619 1114 resurrexisse.
661 989 758 1124 duod
838 1053 977 1118 menium
998 1050 1143 1140 discipuli
1167 1053 1287 1141 orpha

169 1138 360 1212 rntarpretutr
390 1127 556 1215 leguntur,
592 1132 665 1199 nibil
696 1134 780 1203 aliud
860 1134 974 1204 ccbum
1017 1160 1113 1225 quam
1154 1138 1287 1204 animam

130 1211 275 1277 ramundi
295 1210 530 1298 intelligendum
553 1230 748 1302 asserentast
780 1241 880 1307 quac,
913 1234 950 1287 ut
977 1220 1083 1289 lerunt
1102 1220 1286 1312 pbilosopbi,

169 1295 308 1382 quamvis
329 1299 418 1382 quasi
441 1302 635 1369 membratim
654 1326 711 1392 per
731 1304 838 1371 mundi
860 1326 997 1394 corpora
1018 1304 1186 1387 dividatur,
1207 1330 1287 1375 sem·

167 1402 226 1468 por
252 1392 357 1453 tamon
387 1406 422 1450 aa
459 1384 680 1474 redintegrare
715 1389 855 1471 ridetur,
892 1391 1080 1478 corporibus
1110 1411 1287 1480 emergens,

168 1475 201 1541 et
234 1489 271 1532 se
304 1466 461 1571 l'prmana,
504 1468 578 1543 dum
612 1495 738 1561 sempor
764 1496 830 1541 una
860 1474 1038 1564 eademque
1071 1498 1287 1564 perseverans,

169 1551 282 1623 nuttam
302 1554 503 1641 simplicitatis
535 1579 612 1624 suae
640 1559 758 1646 patitur
788 1560 972 1626 sectionem.
1002 1561 1098 1630 fimo
1124 1561 1221 1631 etlam
1243 1561 1286 1628 la-

129 1637 274 1708 rtbulam
295 1638 327 1713 iu
347 1640 447 1713 moris
467 1640 535 1732 ejus
564 1657 818 1732 repraesentasse
848 1643 1008 1734 leguntur.

530 1779 594 1861 13.
654 1781 925 1860 Herculea

253 1900 283 1969 1,
326 1897 498 1966 Herculem
557 1921 664 1987 noque
689 1898 776 1966 Joriu
803 1897 899 1967 filium
930 1899 1027 1969 fuisso
1055 1900 1175 1969 dicunt
1228 1901 1287 1969 llio

170 1987 211 2052 ab
244 1985 311 2052 aliis
339 1984 490 2063 inuictus,
532 1921 709 2073 dmpbatae
743 1997 847 2050 tamen
877 2007 954 2073 pree
983 2009 1093 2053 amore
1121 1986 1286 2076 subjacuit.

154 2092 254 2159 ,quae
270 2092 342 2135 eum
359 2091 435 2137 nere
456 2081 490 2137 et
504 2069 667 2137 mulierum
688 2069 914 2156 officiamegtr
928 2094 1088 2138 oxorcere.
1132 2073 1287 2138 Hercules

127 2156 266 2241 anigitur
285 2156 376 2242 quusi
398 2147 626 2241 ripdurirrln'oc,
650 2154 804 2219 virorum
817 2152 971 2242 jbrte'rrm
985 2157 1116 2242 gloria,
1137 2157 1287 2244 interpre-

169 2252 261 2310 tantur.
304 2239 369 2305 Hic
389 2237 494 2307 Alcaei
517 2262 615 2328 nepos
634 2239 766 2320 dicitur,
787 2236 926 2304 undeet
945 2238 1070 2306 Alcides
1091 2242 1289 2319 nominatur;

169 2319 253 2410 ἀλκὴ
274 2323 355 2392 anim
378 2326 507 2391 Graece
535 2326 749 2412 praesumtio
775 2322 899 2392 dicitur.
945 2324 1028 2392 Nam
1055 2336 1090 2392 et
1110 2325 1288 2393 Alcmenam

170 2420 299 2478 urutrcm
314 2409 420 2482 babet,
435 2409 902 2496 qrraasalsuminterpretatur.
930 2408 1001 2476 Neu
1011 2409 1135 2478 mirum
1163 2411 1288 2478 Etenim

111 2550 112 2554 ,
156 2518 210 2561 os
229 2494 443 2582 igneingenii,
460 2507 500 2561 ut
522 2517 561 2560 es
577 2494 675 2572 Jove:
697 2517 736 2560 cx
756 2496 1016 2597 praesumptione,
1036 2492 1132 2563 idest
1146 2496 1289 2562 animosi-

128 2592 254 2660 astatc,
291 2594 326 2648 ut
346 2602 384 2647 ex
404 2603 463 2647 avo
484 2578 617 2658 Alcaeo:
648 2592 682 2647 et
705 2602 745 2645 ex
765 2580 832 2646 sale
851 2592 1038 2728 supientiae,
1071 2591 1108 2647 ut
1127 2602 1167 2647 es
1188 2595 1289 2649 matre

169 2666 336 2746 Alcmena,
370 2665 508 2732 virorum
539 2664 666 2732 tortium
697 2665 835 2732 nuscitur
860 2665 982 2751 goriam
1021 2686 1105 2749 quae
1134 2675 1240 2734 tamen
1271 2688 1290 2730 a

169 2751 296 2823 libidine
315 2763 493 2840 superatur.
540 2748 690 2837 Ομφαλὴ
709 2752 793 2817 euim
811 2752 938 2816 Graece
957 2746 1144 2815 conitiens
1165 2748 1290 2817 dicitur.

168 2836 287 2907 Libido
308 2849 415 2905 autem
434 2838 466 2903 in
489 2836 634 2903 umbilioo
656 2834 836 2907 mulieribus
864 2832 1051 2900 dominatur.
1103 2832 1291 2902 ostenditur

156 2945 267 3011 -ergo,
301 2921 389 3012 quod
419 2921 517 2992 libido
547 2921 641 2989 aliam
669 2921 815 2989 invictam
850 2918 959 2985 domat
978 2918 1133 2987 virtutem.
1175 2919 1289 2995 Eidem

127 3007 303 3085 aulierculi
318 3010 426 3076 Cacus
451 3010 546 3074 boves
568 3007 690 3074 furatus
712 3029 782 3074 esse
803 3004 928 3082 dicitur,
948 3014 981 3073 er
999 3025 1057 3068 eos
1079 3023 1137 3090 per
1155 3003 1290 3073 caudam

168 3097 200 3166 ln
231 3093 413 3183 speluncam
441 3105 561 3162 tractus
601 3093 822 3170 abscondisse,
862 3113 956 3178 quem
992 3085 1149 3159 Hercules
1205 3112 1290 3156 ressa

195 3191 301 3247 utture
328 3179 502 3257 interiecit,
535 3176 653 3244 firmum
684 3190 718 3245 at
743 3175 889 3243 nebulam
924 3186 1129 3240 eructantem.
1210 3170 1291 3245 orda*

168 3266 267 3352 igitur
287 3265 420 3329 motum
441 3265 674 3351 iuterpretatur.
717 3261 796 3331 Ideo
817 3258 965 3330 Herculis
980 3259 1063 3324 bona
1084 3260 1290 3347 concupiscit,

117 3366 120 3370 ’
156 3351 243 3436 ⁸epeia
281 3347 383 3415 omnis
418 3349 596 3435 malignitas
630 3348 735 3416 virtuti
776 3346 932 3413 contraria
962 3355 1020 3409 est.
1073 3340 1112 3410 ln
1142 3344 1291 3432 spelunca

126 3433 393 3515 asabsoonditur,
419 3433 508 3521 .quin
542 3455 712 3521 unusquam
738 3431 914 3519 malignitas
941 3427 1039 3495 libera
1067 3429 1202 3494 terrenia
1233 3442 1290 3495 est

170 3517 237 3589 Sed
258 3517 435 3598 Hmculcs,
473 3517 506 3584 id
526 3529 576 3588 est
596 3519 710 3596 virtus,
744 3531 777 3585 ct
805 3515 904 3584 malos
924 3512 1071 3580 interficit
1091 3523 1125 3578 et
1145 3535 1205 3581 sua
1228 3516 1291 3581 rin-

169 3604 264 3671 diuut.
308 3605 416 3673 Cacus
444 3613 550 3669 autern
574 3605 693 3670 sumum
715 3615 749 3671 at
768 3601 931 3675 nebulum,
963 3619 1045 3686 quae
1066 3597 1142 3667 visui
1165 3610 1289 3674 nocent,

170 3689 300 3767 emittit,
346 3688 420 3775 quia
448 3688 565 3754 malitia
593 3690 736 3755 occultus
767 3707 893 3774 semper
921 3681 1125 3769 deceptiones
1158 3683 1292 3754 molitur.

156 3774 249 3843 ·1dco
269 3788 302 3839 er
324 3770 439 3859 duplex
461 3772 592 3851 dicitur,
615 3775 689 3860 quia
710 3774 825 3842 malitia
847 3769 1053 3843 multiformis,
1075 3789 1138 3832 non
1161 3769 1291 3858 simplex

127 3865 229 3927 ⁴⁰est.
270 3857 402 3946 Triplici
424 3880 561 3945 natuque
580 3860 675 3927 modo
698 3872 793 3927 nocet
807 3855 942 3935 malitia,
974 3864 1029 3920 aut
1050 3852 1228 3935 evidenter,
1256 3865 1294 3919 ut

191 3945 345 4023 utentior,
381 3954 437 4008 aut
457 3943 628 4021 subtiliter,
660 3956 694 4014 ut
716 3943 811 4011 salsus
833 3941 970 4016 amicus,
1001 3949 1055 4003 aut
1077 3938 1220 4013 occulte,
1258 3949 1294 4005 ut

167 3970 229 4098 lor.
273 4029 352 4096 ldeo
372 4027 465 4095 etiarn
487 4030 668 4096 substractos
691 4030 788 4099 bores
820 4026 1001 4096 transversis
1035 4019 1122 4088 ducit
1142 4021 1293 4110 vestigiis,

168 4117 243 4218 quia
262 4136 323 4202 per
344 4112 413 4180 aria
435 4111 639 4181 abducuntur
663 4115 755 4182 lirrtn.
799 4118 850 4183 Dc
873 4115 963 4179 (laco
984 4124 1088 4178 tamen
1113 4108 1204 4174 aliter
1222 4129 1294 4174 sen·

126 4213 205 4271 tntrt
226 4200 365 4264 Servius.
409 4197 517 4264 Cacus
538 4198 620 4264 anim
640 4202 816 4269 secundum
842 4197 997 4273 l'nbulnm,
1018 4193 1135 4280 inquit,
1164 4192 1294 4258 Vulcani

169 4286 249 4350 filius
285 4286 360 4359 l'uit,
393 4302 454 4346 ore.
479 4283 586 4369 ignem
610 4306 649 4349 no
673 4284 794 4355 l'umunr
815 4306 960 4356 romena,
993 4279 1045 4368 qui
1069 4278 1169 4343 vicino
1191 4278 1294 4346 omniu
