2640 5130
178 617 258 703 rao
422 628 602 733 uquqr.
629 629 701 704 ιιι.
754 624 794 701 a.
848 621 1042 719 rra-aa

179 814 244 881 dita
267 828 316 883 est
337 813 481 882 vivacitas
501 812 629 890 meantis,
659 811 690 878 in
713 833 812 900 aegro
833 811 974 902 pigrior3
1012 810 1046 877 iu
1065 809 1144 879 ratis
1164 805 1296 877 iurffldo

179 902 272 966 eriam
294 902 413 968 ratione
434 923 562 977 carens,
585 899 671 966 utin
692 898 881 985 phreneticis
900 897 1075 976 cernimus3
1096 894 1182 962 adeo
1200 915 1295 983 quurn

179 985 218 1050 ad
242 1007 356 1073 corpus
378 985 497 1050 venerit
517 984 635 1061 anima,
672 1004 734 1047 nun
764 995 875 1051 natura
900 1005 960 1067 sua
988 982 1105 1060 utitur,
1142 979 1201 1046 sed
1229 979 1296 1067 eins

201 1070 327 1135 uaiitate
348 1080 565 1135 commutatur.
607 1064 687 1134 inde
708 1068 800 1136 Afros
821 1069 899 1135 rersi
951 1068 1011 1143 ies,
1038 1067 1185 1132 Graecus
1204 1063 1295 1140 ieret,

156 1094 288 1221 adiaiios
310 1154 457 1240 pigrioris
480 1154 619 1219 ridemus
648 1153 782 1239 ingenii,
822 1177 885 1242 quo
938 1165 972 1218 et
998 1162 1113 1218 natura
1139 1150 1294 1216 ciimatmn

177 1238 313 1326 quadam
336 1263 375 1304 ex
400 1251 490 1327 parte
511 1239 603 1318 facin
632 1239 714 1305 sicut
726 1237 927 1305 Ptolemaeus
947 1234 1175 1325 deprehendit,
1196 1245 1293 1304 trans·

177 1323 273 1390 iatum
296 1324 336 1390 ad
359 1323 444 1391 aliud
464 1323 555 1388 eiima
575 1322 732 1388 huminem
753 1335 896 1389 naturam
915 1333 1040 1389 mutare
1067 1342 1106 1386 ex
1137 1331 1230 1407 parte
1248 1317 1293 1385 di·

177 1430 269 1490 cens;
303 1431 344 1475 ex
373 1421 442 1475 toto
471 1407 553 1473 enim
579 1429 642 1473 non
673 1418 794 1496 potest,
833 1409 907 1497 quia
934 1407 966 1472 in
994 1405 1148 1494 principio
1178 1413 1293 1472 sortem

177 1492 318 1580 corporis
336 1494 385 1560 sui
406 1493 538 1580 accepit
590 1492 637 1558 Er
662 1493 804 1559 camma
824 1515 883 1582 pro
925 1490 1053 1559 uaiitate
1072 1503 1122 1557 est
1144 1489 1294 1578 corporir.

136 1600 171 1646 ro
263 1579 311 1644 ii.
354 1577 421 1646 Sed
450 1576 604 1647 occurrit:
676 1599 753 1643 nare
778 1600 833 1645 rea
861 1515 971 1644 mdim
999 1576 1031 1641 in
1061 1586 1222 1663 potestate
1246 1585 1292 1640 ert

176 1660 363 1732 deterioris?
417 1664 520 1750 Atque
547 1660 668 1728 divinas
700 1663 820 1730 animus
857 1661 982 1751 corpori
1012 1660 1137 1728 mortali
1169 1658 1293 1725 omuino

176 1770 340 1836 praeesse,
368 1769 430 1815 nun
451 1768 566 1836 corpus
587 1745 718 1814 munaie
737 1761 881 1816 naturam
909 1745 1003 1814 animi
1021 1745 1135 1812 denuit
1153 1765 1291 1812 corrum-

176 1855 263 1923 pere.
304 1835 396 1914 Huc,
426 1834 584 1985 inquiunt,
614 1830 688 1898 ideu
708 1833 759 1912 iit,
791 1834 865 1921 quia
893 1831 963 1924 pius
990 1840 1039 1898 eet
1073 1829 1161 1919 quod
1194 1829 1291 1897 cunti·

177 1931 249 2000 net,
275 1941 455 2007 quamquo
501 1917 687 1985 continetur.
728 1917 774 1986 Ut
794 1918 876 1986 enirn
903 1918 971 1997 ieu,
1007 1917 1034 1984 ri
1061 1913 1232 1982 ineinditnr
1259 1913 1290 1980 in

136 2005 317 2084 rusoream,
360 2003 528 2108 impeditus
563 2003 622 2070 rim
655 2024 747 2071 suam
780 2025 844 2069 non
880 2001 1001 2092 perdit,
1052 1999 1110 2068 sed
1142 2020 1294 2068 exercere

178 2112 238 2156 non
259 2100 382 2178 potest3
411 2103 454 2156 rta
474 2089 594 2155 animus
616 2087 647 2153 in
668 2087 812 2176 corporis
831 2087 904 2156 vitia
929 2106 993 2155 aon
1012 2086 1142 2164 transit,
1175 2082 1234 2152 sed
1252 2105 1292 2150 ex

177 2175 245 2264 ejus
267 2173 486 2265 conjunctione
508 2174 550 2240 im
573 2171 687 2253 editur,
707 2195 769 2239 nec
788 2195 876 2240 suam
899 2181 1026 2240 exercet
1045 2172 1115 2239 rim.
1144 2167 1304 2242 Occurrit,

180 2282 314 2348 namque
341 2271 374 2326 et
399 2258 488 2326 iiiud:
567 2279 639 2324 mne
666 2256 753 2345 quod
781 2259 1007 2350 corrumpitur,
1039 2267 1206 2322 aetermrm
1233 2270 1293 2320 non

177 2357 243 2424 est;
272 2342 330 2410 sed
354 2344 474 2411 animus
495 2343 722 2432 corrumpitur;
755 2341 900 2412 irascitur
919 2345 1005 2410 enim
1023 2350 1057 2408 et
1077 2340 1209 2422 imonit,
1237 2337 1293 2405 de-

135 2428 297 2497 nosiderat
322 2439 355 2494 et
383 2430 489 2507 timet;
527 2439 615 2494 caret
650 2428 759 2516 itaque
796 2429 1001 2508 aeternitate,
1040 2425 1094 2493 cui
1125 2425 1186 2493 ista
1216 2445 1294 2491 cuna

177 2514 274 2584 traria
294 2525 385 2595 sunt3
422 2536 492 2580 uam
515 2513 618 2600 passio
639 2513 857 2581 aeternitatem
876 2513 1010 2582 rescivit.
1049 2509 1140 2578 Huic
1166 2509 1293 2578 cuntiu-

177 2599 254 2664 eiuni
277 2598 357 2664 ratio
378 2599 575 2687 refragatur,
612 2599 684 2701 quia
706 2598 826 2666 animus
855 2619 915 2686 per
938 2623 994 2680 se,
1032 2593 1195 2686 inquiunt,
1221 2593 1296 2663 rsiirii

176 2686 311 2771 patitur,
351 2683 408 2748 sed
437 2706 476 2750 er
502 2705 643 2772 corporis
666 2683 792 2749 laborat
814 2683 1043 2773 conjunctione.
1090 2679 1184 2747 Aiiud
1212 2679 1293 2747 enim

177 2779 243 2847 est,
283 2788 339 2854 per
369 2791 457 2834 suam
490 2769 647 2857 corrumpi
677 2780 837 2849 naturam,
872 2768 974 2846 aiiud,
1013 2787 1071 2855 per
1102 2765 1296 2832 contrarium

133 2864 171 2914 aa
180 2854 224 2919 rei
245 2851 380 2918 alterius.
425 2852 574 2919 Videmus
596 2854 678 2919 euim
696 2853 760 2921 taie
780 2853 894 2942 aliquid
915 2854 947 2920 in
966 2854 1111 2932 lucerna,
1154 2872 1218 2917 uae
1236 2869 1295 2937 per

177 2961 214 3005 se
243 2936 326 3004 ciara
350 2950 416 3015 est,
451 2949 484 3005 et
511 2938 630 3019 iocum,
658 2939 689 3004 in
716 2961 781 3041 quo
811 2949 876 3018 est,
913 2940 982 3008 sine
1010 2935 1107 3002 dnbio
1132 2873 1294 3003 ironicas

178 3023 271 3098 Quae
291 3023 317 3088 si
339 3022 466 3111 quando
487 3033 624 3090 ratracta
653 3023 748 3092 fuerit
768 3034 801 3088 et
820 3023 955 3106 incinsa,
986 3021 1092 3088 iocum
1112 3018 1241 3108 quidem
1259 3019 1295 3085 ii·

177 3107 329 3173 iuminare
358 3107 487 3189 desinit,
527 3107 725 3195 splendorem
750 3119 855 3176 autem
886 3109 1048 3199 proprium
1081 3127 1146 3172 nou
1173 3104 1298 3172 amittit.

178 3192 317 3260 Remoto
346 3216 481 3282 namque
507 3191 746 3282 impedimento,
780 3205 920 3282 apparet
976 3192 1049 3259 Nec
1080 3189 1189 3278 iuigor
1216 3187 1297 3279 ejus,

137 3279 320 3366 aoqnamris
342 3279 528 3367 impeditus,
559 3276 630 3343 ideo
653 3278 747 3344 etiam
769 3292 818 3346 est
838 3289 1017 3368 corruptus.
1058 3273 1108 3343 its
1126 3295 1209 3362 ergo
1228 3274 1295 3341 ani·

70 3381 77 3389 ”
178 3386 266 3441 mus,
296 3363 457 3452 inquiunt,
488 3363 635 3452 quamdin
657 3363 756 3431 estin
779 3384 931 3452 corpore,
966 3358 1057 3430 simui
1080 3360 1150 3450 ejus
1178 3359 1296 3450 patitnr

180 3450 409 3533 contagionem.
453 3452 493 3515 At
522 3472 621 3537 quum
648 3470 765 3536 corpus
792 3447 992 3552 deposuerit,
1023 3446 1185 3536 antiquum
1212 3443 1295 3511 reci-

178 3532 225 3620 pit
246 3533 405 3618 rigorem,
432 3545 465 3600 et
482 3545 594 3601 natura
615 3533 712 3599 utitur
732 3555 869 3621 propria.

264 3620 313 3683 12
356 3619 522 3686 Occurrit:
556 3618 591 3684 si
613 3638 693 3704 ergo
713 3642 771 3707 pro
796 3619 874 3687 riam
893 3618 1005 3707 recipit
1021 3627 1175 3695 naturam,
1195 3631 1296 3702 quare

138 3715 299 3789 aapoenas
320 3701 405 3791 apud
423 3704 540 3771 inferos
560 3702 699 3791 patitur?
750 3642 848 3783 Ideo,
877 3704 982 3794 ajunt,
1016 3699 1103 3790 quod
1131 3699 1206 3766 iicet
1225 3717 1295 3764 rur·

179 3805 259 3873 pore
277 3784 440 3874 deposito,
469 3809 532 3853 nun
553 3799 659 3853 tamen
680 3786 721 3854 ad
742 3790 872 3856 nitorem
898 3811 991 3856 suum
1017 3785 1200 3868 revertitur3
1235 3802 1297 3849 nec

179 3881 295 4018 potest
337 3872 391 3939 Uti
412 3875 438 3939 si
460 3873 662 3960 margaritam
683 3872 865 3953 candidam,
892 3874 1045 3940 inlutum
1064 3871 1208 3946 missam,
1227 3867 1296 3956 poi-

192 3976 264 4033 uas,
292 3958 460 4044 statimque
479 3979 549 4024 eam
568 3954 643 4022 inde
663 3957 811 4038 auferas,
845 3980 907 4024 nun
929 3958 1048 4025 idcirco
1075 3953 1223 4023 sordibus
1244 3972 1298 4020 aa·

179 4049 246 4118 ret,
274 4037 332 4105 sed
353 4041 540 4109 ablutionem
561 4041 699 4129 requirit
741 4043 797 4110 Sic
817 4057 849 4110 et
871 4045 1024 4121 animam,
1057 4041 1163 4107 adhuc
1183 4059 1298 4126 corpo-

87 4194 93 4202 ,
138 4123 223 4200 auris
244 4127 435 4212 contagione
457 4127 664 4214 inquinatam,
697 4127 815 4194 etiarnsi
838 4137 877 4193 co'
917 4154 953 4196 us
975 4128 1130 4216 deponat,
1164 4146 1208 4211 pu
1252 4120 1299 4187 ari

179 4220 289 4360 ‘vm-¹1¹·
305 4231 436 4279 necesse
457 4225 523 4293 est3
555 4232 637 4300 qnae
657 4225 792 4300 purgata
813 4213 920 4304 incipit
939 4215 1051 4282 ciarior
1077 4232 1160 4279 esse.
1236 4205 1300 4273 nde

210 4313 237 4359 rr
282 4316 345 4361 rus:

236 4314 382 4444 glDonec
401 4377 508 4465 longo
529 4377 621 4454 dies,
645 4376 800 4467 perfeeto
821 4380 984 4469 temporie
1003 4377 1098 4456 orbe,

264 4462 464 4527 concretam
482 4462 607 4529 exemit
628 4462 738 4528 labem
1063 4465 1066 4468 ’

138 4540 259 4613 mlada
279 4559 345 4626 est,
367 4547 453 4634 quod
475 4546 554 4613 aiiae
574 4548 698 4614 animae
716 4548 855 4616 lunarem
875 4549 1042 4620 circulum,
1072 4547 1150 4614 aiiae
1165 4544 1300 4613 solarem

139 4649 147 4665 ·
180 4653 238 4717 pru
258 4631 355 4698 modu
385 4632 584 4720 perfeetionis
612 4643 721 4700 tenere
754 4635 909 4702 dicuntur.
963 4635 1049 4702 iiiuc
1078 4646 1110 4700 et
1131 4631 1302 4699 Palinurus
