<?xml version="1.0" encoding="UTF-8"?>
<!DOCTYPE html PUBLIC "-//W3C//DTD XHTML 1.0 Transitional//EN"
    "http://www.w3.org/TR/xhtml1/DTD/xhtml1-transitional.dtd">
<html xmlns="http://www.w3.org/1999/xhtml" xml:lang="en" lang="en">
 <head>
  <title>
</title>
<meta http-equiv="Content-Type" content="text/html;charset=utf-8" />
  <meta name='ocr-system' content='tesseract 3.04.00' />
  <meta name='ocr-capabilities' content='ocr_page ocr_carea ocr_par ocr_line ocrx_word'/>
</head>
<body>
  <div class='ocr_page' id='page_1' title='image "./scriptoresrerum00bodegoog_0067.png"; bbox 0 0 2640 5130; ppageno 0'>
   <div class='ocr_carea' id='block_1_1' title="bbox 358 520 1168 668">
    <p class='ocr_par' dir='ltr' id='par_1_1' title="bbox 358 520 1168 668">
     <span class='ocr_line' id='line_1_1' title="bbox 358 520 1168 668; baseline -0.011 -24"><span class='ocrx_word' id='word_1_1' title='bbox 358 560 540 668; x_wconf 56' lang='lat' dir='ltr'>upupa.</span> <span class='ocrx_word' id='word_1_2' title='bbox 568 566 602 637; x_wconf 92' lang='lat'>1.</span> <span class='ocrx_word' id='word_1_3' title='bbox 656 560 854 637; x_wconf 78' lang='lat' dir='ltr'>ar-os.</span> <span class='ocrx_word' id='word_1_4' title='bbox 910 520 914 537; x_wconf 86' lang='lat'>&#39;</span> <span class='ocrx_word' id='word_1_5' title='bbox 1116 559 1168 636; x_wconf 78' lang='lat'>51</span> 
     </span>
    </p>
   </div>
   <div class='ocr_carea' id='block_1_2' title="bbox 267 746 934 826">
    <p class='ocr_par' dir='ltr' id='par_1_2' title="bbox 267 746 934 826">
     <span class='ocr_line' id='line_1_2' title="bbox 267 746 934 826; baseline -0.007 0"><span class='ocrx_word' id='word_1_6' title='bbox 267 749 341 826; x_wconf 76' lang='lat'>91.</span> <span class='ocrx_word' id='word_1_7' title='bbox 396 746 612 824; x_wconf 75' lang='lat' dir='ltr'><strong>Arachne</strong></span> <span class='ocrx_word' id='word_1_8' title='bbox 642 761 686 823; x_wconf 88' lang='lat' dir='ltr'>et</span> <span class='ocrx_word' id='word_1_9' title='bbox 718 749 934 825; x_wconf 84' lang='lat' dir='ltr'>Minerva.</span> 
     </span>
    </p>
   </div>
   <div class='ocr_carea' id='block_1_3' title="bbox 35 872 1211 1825">
    <p class='ocr_par' dir='ltr' id='par_1_3' title="bbox 35 872 1211 1825">
     <span class='ocr_line' id='line_1_3' title="bbox 106 872 1172 978; baseline -0.012 -19"><span class='ocrx_word' id='word_1_10' title='bbox 106 888 271 959; x_wconf 67' lang='lat' dir='ltr'>suenus</span> <span class='ocrx_word' id='word_1_11' title='bbox 294 882 422 978; x_wconf 75' lang='lat' dir='ltr'>Iaytlio,</span> <span class='ocrx_word' id='word_1_12' title='bbox 450 883 589 952; x_wconf 83' lang='lat' dir='ltr'>Idmonis</span> <span class='ocrx_word' id='word_1_13' title='bbox 614 894 647 952; x_wconf 87' lang='lat' dir='ltr'>et</span> <span class='ocrx_word' id='word_1_14' title='bbox 666 883 833 973; x_wconf 85' lang='lat' dir='ltr'>Hippopes</span> <span class='ocrx_word' id='word_1_15' title='bbox 858 883 939 961; x_wconf 90' lang='lat' dir='ltr'>filia,</span> <span class='ocrx_word' id='word_1_16' title='bbox 962 872 1075 949; x_wconf 70' lang='lat' dir='ltr'>¹studio</span> <span class='ocrx_word' id='word_1_17' title='bbox 1096 880 1172 947; x_wconf 86' lang='lat' dir='ltr'>lani-</span> 
     </span>
     <span class='ocr_line' id='line_1_4' title="bbox 35 968 1168 1061; baseline -0.007 -18"><span class='ocrx_word' id='word_1_18' title='bbox 35 976 90 1043; x_wconf 82' lang='lat' dir='ltr'>irii</span> <span class='ocrx_word' id='word_1_19' title='bbox 120 976 250 1043; x_wconf 79' lang='lat' dir='ltr'>ismsm</span> <span class='ocrx_word' id='word_1_20' title='bbox 273 970 478 1061; x_wconf 70' lang='lat' dir='ltr'>quaesierat,</span> <span class='ocrx_word' id='word_1_21' title='bbox 530 992 668 1056; x_wconf 90' lang='lat' dir='ltr'>numque</span> <span class='ocrx_word' id='word_1_22' title='bbox 689 983 832 1038; x_wconf 86' lang='lat' dir='ltr'>materna</span> <span class='ocrx_word' id='word_1_23' title='bbox 858 968 1010 1035; x_wconf 88' lang='lat' dir='ltr'>industria</span> <span class='ocrx_word' id='word_1_24' title='bbox 1037 981 1168 1035; x_wconf 89' lang='lat' dir='ltr'>cunctas</span> 
     </span>
     <span class='ocr_line' id='line_1_5' title="bbox 37 993 1167 1149; baseline -0.009 -20"><span class='ocrx_word' id='word_1_25' title='bbox 37 1062 268 1149; x_wconf 68' lang='lat' dir='ltr'>praecessisset</span> <span class='ocrx_word' id='word_1_26' title='bbox 304 1058 339 1124; x_wconf 87' lang='lat' dir='ltr'>iu</span> <span class='ocrx_word' id='word_1_27' title='bbox 375 1077 474 1144; x_wconf 90' lang='lat' dir='ltr'>opere</span> <span class='ocrx_word' id='word_1_28' title='bbox 508 993 675 1132; x_wconf 84' lang='lat' dir='ltr'>laciendo,</span> <span class='ocrx_word' id='word_1_29' title='bbox 723 1056 809 1123; x_wconf 85' lang='lat' dir='ltr'>lestis</span> <span class='ocrx_word' id='word_1_30' title='bbox 841 1053 952 1119; x_wconf 83' lang='lat' dir='ltr'>(liebus</span> <span class='ocrx_word' id='word_1_31' title='bbox 987 1053 1167 1120; x_wconf 85' lang='lat' dir='ltr'>insolentius</span> 
     </span>
     <span class='ocr_line' id='line_1_6' title="bbox 40 1139 1192 1232; baseline -0.003 -21"><span class='ocrx_word' id='word_1_32' title='bbox 40 1146 174 1232; x_wconf 69' lang='lat' dir='ltr'>gloriata</span> <span class='ocrx_word' id='word_1_33' title='bbox 201 1156 274 1224; x_wconf 87' lang='lat' dir='ltr'>est,</span> <span class='ocrx_word' id='word_1_34' title='bbox 306 1162 401 1230; x_wconf 84' lang='lat' dir='ltr'>quam</span> <span class='ocrx_word' id='word_1_35' title='bbox 430 1139 592 1207; x_wconf 66' lang='lat' dir='ltr'>mortalem</span> <span class='ocrx_word' id='word_1_36' title='bbox 620 1140 781 1206; x_wconf 73' lang='lat' dir='ltr'>decuerat.</span> <span class='ocrx_word' id='word_1_37' title='bbox 828 1139 912 1219; x_wconf 76' lang='lat' dir='ltr'>Nem</span> <span class='ocrx_word' id='word_1_38' title='bbox 938 1139 1109 1205; x_wconf 82' lang='lat' dir='ltr'>Minervam</span> <span class='ocrx_word' id='word_1_39' title='bbox 1135 1140 1192 1207; x_wconf 72' lang='lat' dir='ltr'>ins</span> 
     </span>
     <span class='ocr_line' id='line_1_7' title="bbox 42 1224 1168 1319; baseline -0.007 -22"><span class='ocrx_word' id='word_1_40' title='bbox 42 1244 202 1297; x_wconf 65' lang='lat' dir='ltr'>minen</span> <span class='ocrx_word' id='word_1_41' title='bbox 224 1226 427 1319; x_wconf 77' lang='lat' dir='ltr'>provocarit,</span> <span class='ocrx_word' id='word_1_42' title='bbox 446 1247 539 1312; x_wconf 86' lang='lat' dir='ltr'>quae,</span> <span class='ocrx_word' id='word_1_43' title='bbox 560 1225 593 1290; x_wconf 91' lang='lat' dir='ltr'>in</span> <span class='ocrx_word' id='word_1_44' title='bbox 614 1248 708 1291; x_wconf 89' lang='lat' dir='ltr'>anum</span> <span class='ocrx_word' id='word_1_45' title='bbox 725 1247 826 1298; x_wconf 82' lang='lat' dir='ltr'>versa,</span> <span class='ocrx_word' id='word_1_46' title='bbox 847 1225 929 1291; x_wconf 87' lang='lat' dir='ltr'>inter</span> <span class='ocrx_word' id='word_1_47' title='bbox 949 1224 1012 1289; x_wconf 87' lang='lat' dir='ltr'>hoc</span> <span class='ocrx_word' id='word_1_48' title='bbox 1033 1224 1075 1292; x_wconf 90' lang='lat' dir='ltr'>ad</span> <span class='ocrx_word' id='word_1_49' title='bbox 1097 1248 1168 1290; x_wconf 90' lang='lat' dir='ltr'>eam</span> 
     </span>
     <span class='ocr_line' id='line_1_8' title="bbox 44 1308 1169 1404; baseline -0.001 -27"><span class='ocrx_word' id='word_1_50' title='bbox 44 1317 141 1394; x_wconf 83' lang='lat' dir='ltr'>resit,</span> <span class='ocrx_word' id='word_1_51' title='bbox 173 1325 213 1383; x_wconf 85' lang='lat' dir='ltr'>ut</span> <span class='ocrx_word' id='word_1_52' title='bbox 239 1312 311 1404; x_wconf 78' lang='lat' dir='ltr'>q‘us</span> <span class='ocrx_word' id='word_1_53' title='bbox 335 1308 500 1378; x_wconf 87' lang='lat' dir='ltr'>audaciam</span> <span class='ocrx_word' id='word_1_54' title='bbox 530 1322 755 1398; x_wconf 80' lang='lat' dir='ltr'>compesceret.</span> <span class='ocrx_word' id='word_1_55' title='bbox 795 1310 898 1384; x_wconf 85' lang='lat' dir='ltr'>Quam</span> <span class='ocrx_word' id='word_1_56' title='bbox 923 1331 1018 1397; x_wconf 85' lang='lat' dir='ltr'>quum</span> <span class='ocrx_word' id='word_1_57' title='bbox 1043 1310 1169 1376; x_wconf 83' lang='lat' dir='ltr'>vidisset</span> 
     </span>
     <span class='ocr_line' id='line_1_9' title="bbox 44 1396 1170 1501; baseline -0.004 -36"><span class='ocrx_word' id='word_1_58' title='bbox 44 1399 273 1501; x_wconf 81' lang='lat' dir='ltr'>incertamipe</span> <span class='ocrx_word' id='word_1_59' title='bbox 295 1408 549 1485; x_wconf 83' lang='lat' dir='ltr'>permanentem,</span> <span class='ocrx_word' id='word_1_60' title='bbox 578 1418 704 1498; x_wconf 69' lang='lat' dir='ltr'>repensa</span> <span class='ocrx_word' id='word_1_61' title='bbox 725 1397 756 1497; x_wconf 84' lang='lat' dir='ltr'>ip</span> <span class='ocrx_word' id='word_1_62' title='bbox 778 1417 867 1496; x_wconf 71' lang='lat' dir='ltr'>supro</span> <span class='ocrx_word' id='word_1_63' title='bbox 887 1396 1043 1482; x_wconf 86' lang='lat' dir='ltr'>speciem,</span> <span class='ocrx_word' id='word_1_64' title='bbox 1072 1418 1170 1484; x_wconf 87' lang='lat' dir='ltr'>opere</span> 
     </span>
     <span class='ocr_line' id='line_1_10' title="bbox 47 1479 1211 1656; baseline -0.003 -22"><span class='ocrx_word' id='word_1_65' title='bbox 47 1498 274 1636; x_wconf 57' lang='lat' dir='ltr'>minii</span> <span class='ocrx_word' id='word_1_66' title='bbox 297 1479 767 1656; x_wconf 56' lang='lat' dir='ltr'>tittlssttltrll</span> <span class='ocrx_word' id='word_1_67' title='bbox 789 1480 1211 1652; x_wconf 59' lang='lat' dir='ltr'>littitlllttt,</span> 
     </span>
     <span class='ocr_line' id='line_1_11' title="bbox 51 1649 1170 1741; baseline -0.002 -22"><span class='ocrx_word' id='word_1_68' title='bbox 51 1653 186 1741; x_wconf 78' lang='lat' dir='ltr'>Propter</span> <span class='ocrx_word' id='word_1_69' title='bbox 205 1650 343 1719; x_wconf 85' lang='lat' dir='ltr'>studium</span> <span class='ocrx_word' id='word_1_70' title='bbox 367 1662 490 1731; x_wconf 87' lang='lat' dir='ltr'>autem,</span> <span class='ocrx_word' id='word_1_71' title='bbox 518 1649 605 1739; x_wconf 82' lang='lat' dir='ltr'>qood</span> <span class='ocrx_word' id='word_1_72' title='bbox 629 1673 649 1718; x_wconf 91' lang='lat' dir='ltr'>a</span> <span class='ocrx_word' id='word_1_73' title='bbox 671 1651 810 1716; x_wconf 82' lang='lat' dir='ltr'>Minerva</span> <span class='ocrx_word' id='word_1_74' title='bbox 835 1660 1021 1736; x_wconf 87' lang='lat' dir='ltr'>acceperat,</span> <span class='ocrx_word' id='word_1_75' title='bbox 1046 1651 1079 1716; x_wconf 91' lang='lat' dir='ltr'>in</span> <span class='ocrx_word' id='word_1_76' title='bbox 1098 1673 1170 1717; x_wconf 88' lang='lat' dir='ltr'>ara-</span> 
     </span>
     <span class='ocr_line' id='line_1_12' title="bbox 54 1735 1170 1825; baseline 0 -20"><span class='ocrx_word' id='word_1_77' title='bbox 54 1760 140 1807; x_wconf 80' lang='lat' dir='ltr'>neam</span> <span class='ocrx_word' id='word_1_78' title='bbox 173 1760 265 1807; x_wconf 85' lang='lat' dir='ltr'>rersa</span> <span class='ocrx_word' id='word_1_79' title='bbox 296 1749 365 1815; x_wconf 84' lang='lat' dir='ltr'>est,</span> <span class='ocrx_word' id='word_1_80' title='bbox 416 1748 452 1807; x_wconf 88' lang='lat' dir='ltr'>ut</span> <span class='ocrx_word' id='word_1_81' title='bbox 484 1758 583 1825; x_wconf 85' lang='lat' dir='ltr'>opere</span> <span class='ocrx_word' id='word_1_82' title='bbox 617 1735 715 1805; x_wconf 82' lang='lat' dir='ltr'>innuli</span> <span class='ocrx_word' id='word_1_83' title='bbox 747 1735 863 1804; x_wconf 89' lang='lat' dir='ltr'>nullum</span> <span class='ocrx_word' id='word_1_84' title='bbox 895 1757 989 1802; x_wconf 86' lang='lat' dir='ltr'>suum</span> <span class='ocrx_word' id='word_1_85' title='bbox 1022 1738 1170 1805; x_wconf 83' lang='lat' dir='ltr'>effectum</span> 
     </span>
    </p>
   </div>
   <div class='ocr_carea' id='block_1_4' title="bbox 56 1834 769 2064">
    <p class='ocr_par' dir='ltr' id='par_1_4' title="bbox 56 1834 769 2064">
     <span class='ocr_line' id='line_1_13' title="bbox 56 1834 312 1915; baseline 0.004 -1"><span class='ocrx_word' id='word_1_86' title='bbox 56 1846 165 1914; x_wconf 60' lang='lat' dir='ltr'>“lm</span> <span class='ocrx_word' id='word_1_87' title='bbox 193 1834 312 1915; x_wconf 60' lang='lat' dir='ltr'>imm·</span> 
     </span>
     <span class='ocr_line' id='line_1_14' title="bbox 448 1983 769 2064; baseline 0 -2"><span class='ocrx_word' id='word_1_88' title='bbox 448 1985 518 2064; x_wconf 76' lang='grc'>92.</span> <span class='ocrx_word' id='word_1_89' title='bbox 568 1983 769 2064; x_wconf 74' lang='lat' dir='ltr'>Alceste.</span> 
     </span>
    </p>
   </div>
   <div class='ocr_carea' id='block_1_5' title="bbox 61 2109 1266 3059">
    <p class='ocr_par' dir='ltr' id='par_1_5' title="bbox 61 2109 1266 3059">
     <span class='ocr_line' id='line_1_15' title="bbox 135 2109 1257 2203; baseline -0.005 -18"><span class='ocrx_word' id='word_1_90' title='bbox 135 2113 298 2194; x_wconf 78' lang='lat' dir='ltr'>Admetus,</span> <span class='ocrx_word' id='word_1_91' title='bbox 318 2135 376 2183; x_wconf 81' lang='lat' dir='ltr'>rex</span> <span class='ocrx_word' id='word_1_92' title='bbox 390 2115 558 2196; x_wconf 80' lang='lat' dir='ltr'>Graeciae,</span> <span class='ocrx_word' id='word_1_93' title='bbox 580 2113 724 2182; x_wconf 79' lang='lat' dir='ltr'>Alcesten</span> <span class='ocrx_word' id='word_1_94' title='bbox 747 2115 778 2180; x_wconf 91' lang='lat' dir='ltr'>in</span> <span class='ocrx_word' id='word_1_95' title='bbox 796 2111 946 2203; x_wconf 79' lang='lat' dir='ltr'>conjugio</span> <span class='ocrx_word' id='word_1_96' title='bbox 953 2109 1059 2200; x_wconf 90' lang='lat' dir='ltr'>petiit,</span> <span class='ocrx_word' id='word_1_97' title='bbox 1080 2111 1212 2203; x_wconf 73' lang='lat' dir='ltr'>cojus1s</span> <span class='ocrx_word' id='word_1_98' title='bbox 1253 2120 1257 2129; x_wconf 93' lang='lat'>&#39;</span> 
     </span>
     <span class='ocr_line' id='line_1_16' title="bbox 63 2196 1171 2291; baseline -0.005 -22"><span class='ocrx_word' id='word_1_99' title='bbox 63 2213 145 2291; x_wconf 76' lang='lat' dir='ltr'>pater</span> <span class='ocrx_word' id='word_1_100' title='bbox 165 2202 305 2268; x_wconf 87' lang='lat' dir='ltr'>edictum</span> <span class='ocrx_word' id='word_1_101' title='bbox 327 2215 552 2289; x_wconf 85' lang='lat' dir='ltr'>proposuerat,</span> <span class='ocrx_word' id='word_1_102' title='bbox 581 2212 617 2268; x_wconf 91' lang='lat' dir='ltr'>ut</span> <span class='ocrx_word' id='word_1_103' title='bbox 638 2200 665 2266; x_wconf 88' lang='lat' dir='ltr'>si</span> <span class='ocrx_word' id='word_1_104' title='bbox 688 2201 757 2288; x_wconf 88' lang='lat' dir='ltr'>quis</span> <span class='ocrx_word' id='word_1_105' title='bbox 780 2200 858 2268; x_wconf 89' lang='lat' dir='ltr'>duas</span> <span class='ocrx_word' id='word_1_106' title='bbox 882 2201 965 2266; x_wconf 82' lang='lat' dir='ltr'>leros</span> <span class='ocrx_word' id='word_1_107' title='bbox 986 2199 1045 2265; x_wconf 91' lang='lat' dir='ltr'>sibi</span> <span class='ocrx_word' id='word_1_108' title='bbox 1066 2196 1171 2286; x_wconf 87' lang='lat' dir='ltr'>dispa-</span> 
     </span>
     <span class='ocr_line' id='line_1_17' title="bbox 62 2284 1266 2373; baseline -0.005 -18"><span class='ocrx_word' id='word_1_109' title='bbox 62 2310 109 2355; x_wconf 86' lang='lat' dir='ltr'>res</span> <span class='ocrx_word' id='word_1_110' title='bbox 133 2308 191 2354; x_wconf 91' lang='lat' dir='ltr'>sno</span> <span class='ocrx_word' id='word_1_111' title='bbox 220 2308 317 2353; x_wconf 91' lang='lat' dir='ltr'>curru</span> <span class='ocrx_word' id='word_1_112' title='bbox 342 2286 513 2373; x_wconf 70' lang='lat' dir='ltr'>jungeret,</span> <span class='ocrx_word' id='word_1_113' title='bbox 556 2284 626 2372; x_wconf 86' lang='lat' dir='ltr'>ipse</span> <span class='ocrx_word' id='word_1_114' title='bbox 652 2284 733 2353; x_wconf 87' lang='lat' dir='ltr'>illam</span> <span class='ocrx_word' id='word_1_115' title='bbox 761 2286 793 2352; x_wconf 92' lang='lat' dir='ltr'>in</span> <span class='ocrx_word' id='word_1_116' title='bbox 823 2285 973 2371; x_wconf 82' lang='lat' dir='ltr'>conjugio</span> <span class='ocrx_word' id='word_1_117' title='bbox 1002 2285 1171 2372; x_wconf 84' lang='lat' dir='ltr'>acciperet</span> <span class='ocrx_word' id='word_1_118' title='bbox 1261 2338 1266 2349; x_wconf 94' lang='lat'>.</span> 
     </span>
     <span class='ocr_line' id='line_1_18' title="bbox 63 2370 1172 2462; baseline -0.004 -23"><span class='ocrx_word' id='word_1_119' title='bbox 63 2371 264 2439; x_wconf 77' lang='lat' dir='ltr'>lstrlmetus</span> <span class='ocrx_word' id='word_1_120' title='bbox 298 2370 468 2458; x_wconf 79' lang='lat' dir='ltr'>Apollinem</span> <span class='ocrx_word' id='word_1_121' title='bbox 502 2381 597 2458; x_wconf 83' lang='lat' dir='ltr'>atque</span> <span class='ocrx_word' id='word_1_122' title='bbox 624 2370 797 2437; x_wconf 83' lang='lat' dir='ltr'>Herculem</span> <span class='ocrx_word' id='word_1_123' title='bbox 831 2372 937 2462; x_wconf 90' lang='lat' dir='ltr'>petiit,</span> <span class='ocrx_word' id='word_1_124' title='bbox 975 2370 1028 2457; x_wconf 85' lang='lat' dir='ltr'>qui</span> <span class='ocrx_word' id='word_1_125' title='bbox 1064 2371 1094 2435; x_wconf 89' lang='lat' dir='ltr'>ei</span> <span class='ocrx_word' id='word_1_126' title='bbox 1129 2370 1172 2436; x_wconf 81' lang='lat' dir='ltr'>ad</span> 
     </span>
     <span class='ocr_line' id='line_1_19' title="bbox 63 2455 1171 2558; baseline -0.003 -35"><span class='ocrx_word' id='word_1_127' title='bbox 63 2479 180 2525; x_wconf 78' lang='lat' dir='ltr'>cunum</span> <span class='ocrx_word' id='word_1_128' title='bbox 202 2457 326 2523; x_wconf 86' lang='lat' dir='ltr'>leonem</span> <span class='ocrx_word' id='word_1_129' title='bbox 346 2469 380 2525; x_wconf 89' lang='lat' dir='ltr'>et</span> <span class='ocrx_word' id='word_1_130' title='bbox 398 2479 509 2544; x_wconf 88' lang='lat' dir='ltr'>aprum</span> <span class='ocrx_word' id='word_1_131' title='bbox 521 2455 704 2558; x_wconf 80' lang='lat' dir='ltr'>junxerunt</span> <span class='ocrx_word' id='word_1_132' title='bbox 745 2457 857 2546; x_wconf 84' lang='lat' dir='ltr'>Itaque</span> <span class='ocrx_word' id='word_1_133' title='bbox 877 2457 1022 2524; x_wconf 88' lang='lat' dir='ltr'>Alcesten</span> <span class='ocrx_word' id='word_1_134' title='bbox 1042 2455 1073 2520; x_wconf 91' lang='lat' dir='ltr'>in</span> <span class='ocrx_word' id='word_1_135' title='bbox 1095 2477 1171 2521; x_wconf 90' lang='lat' dir='ltr'>con-</span> 
     </span>
     <span class='ocr_line' id='line_1_20' title="bbox 61 2539 1213 2630; baseline -0.001 -21"><span class='ocrx_word' id='word_1_136' title='bbox 61 2542 174 2630; x_wconf 73' lang='lat' dir='ltr'>jugium</span> <span class='ocrx_word' id='word_1_137' title='bbox 197 2541 333 2629; x_wconf 80' lang='lat' dir='ltr'>occepit.</span> <span class='ocrx_word' id='word_1_138' title='bbox 388 2543 494 2617; x_wconf 77' lang='lat' dir='ltr'>Quum</span> <span class='ocrx_word' id='word_1_139' title='bbox 520 2564 552 2606; x_wconf 90' lang='grc' dir='ltr'>ιιι</span> <span class='ocrx_word' id='word_1_140' title='bbox 578 2543 787 2609; x_wconf 88' lang='lat' dir='ltr'>infirmitatem</span> <span class='ocrx_word' id='word_1_141' title='bbox 815 2543 982 2609; x_wconf 81' lang='lat' dir='ltr'>cecidisset</span> <span class='ocrx_word' id='word_1_142' title='bbox 1008 2539 1213 2618; x_wconf 80' lang='lat' dir='ltr'>Admetus,2o</span> 
     </span>
     <span class='ocr_line' id='line_1_21' title="bbox 65 2625 1170 2716; baseline -0.001 -22"><span class='ocrx_word' id='word_1_143' title='bbox 65 2642 94 2694; x_wconf 79' lang='lat' dir='ltr'>st</span> <span class='ocrx_word' id='word_1_144' title='bbox 111 2629 187 2695; x_wconf 87' lang='lat' dir='ltr'>mori</span> <span class='ocrx_word' id='word_1_145' title='bbox 205 2650 243 2695; x_wconf 87' lang='lat' dir='ltr'>se</span> <span class='ocrx_word' id='word_1_146' title='bbox 262 2629 486 2715; x_wconf 85' lang='lat' dir='ltr'>comperisset,</span> <span class='ocrx_word' id='word_1_147' title='bbox 512 2625 683 2714; x_wconf 84' lang='lat' dir='ltr'>Apollinem</span> <span class='ocrx_word' id='word_1_148' title='bbox 706 2627 896 2716; x_wconf 85' lang='lat' dir='ltr'>deprecatus</span> <span class='ocrx_word' id='word_1_149' title='bbox 921 2639 978 2694; x_wconf 82' lang='lat' dir='ltr'>est</span> <span class='ocrx_word' id='word_1_150' title='bbox 1019 2625 1077 2694; x_wconf 91' lang='lat' dir='ltr'>llle</span> <span class='ocrx_word' id='word_1_151' title='bbox 1095 2651 1170 2694; x_wconf 83' lang='lat' dir='ltr'>vero</span> 
     </span>
     <span class='ocr_line' id='line_1_22' title="bbox 66 2710 1171 2800; baseline 0.002 -24"><span class='ocrx_word' id='word_1_152' title='bbox 66 2710 152 2795; x_wconf 76' lang='lat' dir='ltr'>cinit,</span> <span class='ocrx_word' id='word_1_153' title='bbox 179 2735 216 2780; x_wconf 92' lang='lat' dir='ltr'>se</span> <span class='ocrx_word' id='word_1_154' title='bbox 236 2713 265 2778; x_wconf 87' lang='lat' dir='ltr'>ci</span> <span class='ocrx_word' id='word_1_155' title='bbox 291 2710 408 2800; x_wconf 85' lang='lat' dir='ltr'>aliquid</span> <span class='ocrx_word' id='word_1_156' title='bbox 428 2735 489 2778; x_wconf 92' lang='lat' dir='ltr'>non</span> <span class='ocrx_word' id='word_1_157' title='bbox 517 2735 612 2798; x_wconf 89' lang='lat' dir='ltr'>posse</span> <span class='ocrx_word' id='word_1_158' title='bbox 639 2727 816 2800; x_wconf 88' lang='lat' dir='ltr'>praestare,</span> <span class='ocrx_word' id='word_1_159' title='bbox 848 2711 907 2779; x_wconf 92' lang='lat' dir='ltr'>nisi</span> <span class='ocrx_word' id='word_1_160' title='bbox 931 2713 958 2778; x_wconf 92' lang='lat' dir='ltr'>si</span> <span class='ocrx_word' id='word_1_161' title='bbox 980 2711 1105 2799; x_wconf 86' lang='lat' dir='ltr'>quisse</span> <span class='ocrx_word' id='word_1_162' title='bbox 1129 2712 1171 2778; x_wconf 88' lang='lat' dir='ltr'>de</span> 
     </span>
     <span class='ocr_line' id='line_1_23' title="bbox 68 2796 1171 2888; baseline 0.003 -25"><span class='ocrx_word' id='word_1_163' title='bbox 68 2797 127 2884; x_wconf 75' lang='lat' dir='ltr'>eju</span> <span class='ocrx_word' id='word_1_164' title='bbox 155 2798 337 2888; x_wconf 82' lang='lat' dir='ltr'>propinquis</span> <span class='ocrx_word' id='word_1_165' title='bbox 371 2796 414 2864; x_wconf 89' lang='lat' dir='ltr'>ad</span> <span class='ocrx_word' id='word_1_166' title='bbox 446 2811 578 2864; x_wconf 88' lang='lat' dir='ltr'>mortem</span> <span class='ocrx_word' id='word_1_167' title='bbox 639 2820 674 2861; x_wconf 93' lang='lat' dir='ltr'>ro</span> <span class='ocrx_word' id='word_1_168' title='bbox 708 2821 747 2863; x_wconf 94' lang='lat' dir='ltr'>eo</span> <span class='ocrx_word' id='word_1_169' title='bbox 779 2798 951 2864; x_wconf 85' lang='lat' dir='ltr'>voluntarie</span> <span class='ocrx_word' id='word_1_170' title='bbox 989 2797 1171 2879; x_wconf 88' lang='lat' dir='ltr'>obtulissct;</span> 
     </span>
     <span class='ocr_line' id='line_1_24' title="bbox 69 2881 1170 2970; baseline 0.002 -22"><span class='ocrx_word' id='word_1_171' title='bbox 69 2882 143 2966; x_wconf 78' lang='lat' dir='ltr'>quod</span> <span class='ocrx_word' id='word_1_172' title='bbox 172 2905 251 2950; x_wconf 80' lang='lat' dir='ltr'>uxor</span> <span class='ocrx_word' id='word_1_173' title='bbox 281 2882 397 2948; x_wconf 78' lang='lat' dir='ltr'>effecit.</span> <span class='ocrx_word' id='word_1_174' title='bbox 448 2883 560 2970; x_wconf 88' lang='lat' dir='ltr'>Itaque</span> <span class='ocrx_word' id='word_1_175' title='bbox 624 2882 745 2950; x_wconf 90' lang='lat' dir='ltr'>ercules</span> <span class='ocrx_word' id='word_1_176' title='bbox 771 2883 847 2952; x_wconf 88' lang='lat' dir='ltr'>dum</span> <span class='ocrx_word' id='word_1_177' title='bbox 879 2881 920 2950; x_wconf 87' lang='lat' dir='ltr'>ad</span> <span class='ocrx_word' id='word_1_178' title='bbox 947 2881 1170 2950; x_wconf 76' lang='lat' dir='ltr'>Tricerberum</span> 
     </span>
     <span class='ocr_line' id='line_1_25' title="bbox 70 2964 1214 3059; baseline 0.001 -25"><span class='ocrx_word' id='word_1_179' title='bbox 70 2988 168 3034; x_wconf 66' lang='lat' dir='ltr'>auem</span> <span class='ocrx_word' id='word_1_180' title='bbox 196 2968 440 3034; x_wconf 83' lang='lat' dir='ltr'>abstrahendum</span> <span class='ocrx_word' id='word_1_181' title='bbox 471 2964 721 3046; x_wconf 58' lang='lat' dir='ltr'>descenderes·</span> <span class='ocrx_word' id='word_1_182' title='bbox 737 2970 831 3036; x_wconf 87' lang='lat' dir='ltr'>etiam</span> <span class='ocrx_word' id='word_1_183' title='bbox 859 2970 960 3059; x_wconf 88' lang='lat' dir='ltr'>ipsam</span> <span class='ocrx_word' id='word_1_184' title='bbox 989 2967 1032 3035; x_wconf 89' lang='lat' dir='ltr'>de</span> <span class='ocrx_word' id='word_1_185' title='bbox 1063 2970 1214 3043; x_wconf 69' lang='lat' dir='ltr'>inseriszo</span> 
     </span>
    </p>
   </div>
   <div class='ocr_carea' id='block_1_6' title="bbox 69 3048 1174 3228">
    <p class='ocr_par' dir='ltr' id='par_1_6' title="bbox 69 3048 1174 3228">
     <span class='ocr_line' id='line_1_26' title="bbox 69 3048 1174 3149; baseline 0.005 -34"><span class='ocrx_word' id='word_1_186' title='bbox 69 3048 147 3120; x_wconf 68' lang='lat' dir='ltr'>last.</span> <span class='ocrx_word' id='word_1_187' title='bbox 203 3051 370 3149; x_wconf 77' lang='lat' dir='ltr'>Admetum</span> <span class='ocrx_word' id='word_1_188' title='bbox 408 3064 582 3140; x_wconf 87' lang='lat' dir='ltr'>posuerunt</span> <span class='ocrx_word' id='word_1_189' title='bbox 615 3053 647 3118; x_wconf 94' lang='lat' dir='ltr'>in</span> <span class='ocrx_word' id='word_1_190' title='bbox 676 3053 805 3123; x_wconf 89' lang='lat' dir='ltr'>modum</span> <span class='ocrx_word' id='word_1_191' title='bbox 835 3055 980 3136; x_wconf 78' lang='lat' dir='ltr'>mentis3</span> <span class='ocrx_word' id='word_1_192' title='bbox 1030 3055 1174 3123; x_wconf 77' lang='lat' dir='ltr'>Alcesten</span> 
     </span>
     <span class='ocr_line' id='line_1_27' title="bbox 69 3147 407 3228; baseline 0 -25"><span class='ocrx_word' id='word_1_193' title='bbox 69 3157 119 3224; x_wconf 87' lang='lat' dir='ltr'>pro</span> <span class='ocrx_word' id='word_1_194' title='bbox 137 3147 407 3228; x_wconf 71' lang='lat' dir='ltr'>praesumtione.</span> 
     </span>
    </p>
   </div>
   <div class='ocr_carea' id='block_1_7' title="bbox 271 3258 956 3405">
    <p class='ocr_par' dir='ltr' id='par_1_7' title="bbox 271 3258 956 3405">
     <span class='ocr_line' id='line_1_28' title="bbox 271 3258 956 3405; baseline 0.003 -28"><span class='ocrx_word' id='word_1_195' title='bbox 271 3300 342 3379; x_wconf 77' lang='lat'>95.</span> <span class='ocrx_word' id='word_1_196' title='bbox 392 3303 633 3403; x_wconf 83' lang='lat' dir='ltr'>Neptunus</span> <span class='ocrx_word' id='word_1_197' title='bbox 666 3314 711 3378; x_wconf 88' lang='lat' dir='ltr'>et</span> <span class='ocrx_word' id='word_1_198' title='bbox 742 3258 956 3405; x_wconf 70' lang='lat' dir='ltr'>Amycus.</span> 
     </span>
    </p>
   </div>
   <div class='ocr_carea' id='block_1_8' title="bbox 69 3425 1217 3947">
    <p class='ocr_par' dir='ltr' id='par_1_8' title="bbox 69 3425 1217 3947">
     <span class='ocr_line' id='line_1_29' title="bbox 141 3425 1175 3536; baseline -0.003 -33"><span class='ocrx_word' id='word_1_199' title='bbox 141 3433 310 3524; x_wconf 86' lang='lat' dir='ltr'>Neptunus</span> <span class='ocrx_word' id='word_1_200' title='bbox 333 3453 429 3519; x_wconf 88' lang='lat' dir='ltr'>quum</span> <span class='ocrx_word' id='word_1_201' title='bbox 449 3429 604 3496; x_wconf 87' lang='lat' dir='ltr'>incideret</span> <span class='ocrx_word' id='word_1_202' title='bbox 625 3425 658 3492; x_wconf 90' lang='lat' dir='ltr'>in</span> <span class='ocrx_word' id='word_1_203' title='bbox 678 3450 818 3495; x_wconf 89' lang='lat' dir='ltr'>amorem</span> <span class='ocrx_word' id='word_1_204' title='bbox 834 3429 982 3520; x_wconf 87' lang='lat' dir='ltr'>Meropes</span> <span class='ocrx_word' id='word_1_205' title='bbox 997 3431 1175 3536; x_wconf 86' lang='lat' dir='ltr'>Nymphae,</span> 
     </span>
     <span class='ocr_line' id='line_1_30' title="bbox 70 3513 1217 3608; baseline -0.003 -22"><span class='ocrx_word' id='word_1_206' title='bbox 70 3517 168 3589; x_wconf 71' lang='lat' dir='ltr'>inbuit</span> <span class='ocrx_word' id='word_1_207' title='bbox 187 3543 228 3586; x_wconf 79' lang='lat' dir='ltr'>ex</span> <span class='ocrx_word' id='word_1_208' title='bbox 241 3542 281 3586; x_wconf 92' lang='lat' dir='ltr'>ea</span> <span class='ocrx_word' id='word_1_209' title='bbox 295 3517 392 3584; x_wconf 85' lang='lat' dir='ltr'>filium</span> <span class='ocrx_word' id='word_1_210' title='bbox 405 3520 566 3606; x_wconf 77' lang='lat' dir='ltr'>Amycum,</span> <span class='ocrx_word' id='word_1_211' title='bbox 578 3513 806 3602; x_wconf 85' lang='lat' dir='ltr'>Bebryciorum</span> <span class='ocrx_word' id='word_1_212' title='bbox 823 3536 951 3603; x_wconf 81' lang='lat' dir='ltr'>regem,</span> <span class='ocrx_word' id='word_1_213' title='bbox 972 3520 1025 3608; x_wconf 87' lang='lat' dir='ltr'>qui</span> <span class='ocrx_word' id='word_1_214' title='bbox 1044 3523 1217 3587; x_wconf 76' lang='lat' dir='ltr'>ctlractnso</span> 
     </span>
     <span class='ocr_line' id='line_1_31' title="bbox 70 3599 1176 3693; baseline -0.002 -21"><span class='ocrx_word' id='word_1_215' title='bbox 70 3601 135 3693; x_wconf 79' lang='lat' dir='ltr'>lege</span> <span class='ocrx_word' id='word_1_216' title='bbox 152 3605 262 3673; x_wconf 84' lang='lat' dir='ltr'>solitus</span> <span class='ocrx_word' id='word_1_217' title='bbox 284 3614 355 3670; x_wconf 88' lang='lat' dir='ltr'>erat</span> <span class='ocrx_word' id='word_1_218' title='bbox 375 3603 533 3669; x_wconf 78' lang='lat' dir='ltr'>venientes</span> <span class='ocrx_word' id='word_1_219' title='bbox 559 3599 698 3686; x_wconf 83' lang='lat' dir='ltr'>hospites</span> <span class='ocrx_word' id='word_1_220' title='bbox 717 3599 759 3665; x_wconf 88' lang='lat' dir='ltr'>ad</span> <span class='ocrx_word' id='word_1_221' title='bbox 780 3622 816 3665; x_wconf 90' lang='lat' dir='ltr'>sc</span> <span class='ocrx_word' id='word_1_222' title='bbox 835 3602 998 3691; x_wconf 86' lang='lat' dir='ltr'>recipere,</span> <span class='ocrx_word' id='word_1_223' title='bbox 1023 3617 1056 3673; x_wconf 92' lang='lat' dir='ltr'>et</span> <span class='ocrx_word' id='word_1_224' title='bbox 1075 3627 1176 3691; x_wconf 83' lang='lat' dir='ltr'>coge-</span> 
     </span>
     <span class='ocr_line' id='line_1_32' title="bbox 69 3683 1177 3775; baseline -0.004 -16"><span class='ocrx_word' id='word_1_225' title='bbox 69 3688 115 3758; x_wconf 78' lang='lat' dir='ltr'>ist</span> <span class='ocrx_word' id='word_1_226' title='bbox 142 3714 199 3758; x_wconf 86' lang='lat' dir='ltr'>eos</span> <span class='ocrx_word' id='word_1_227' title='bbox 228 3690 367 3757; x_wconf 86' lang='lat' dir='ltr'>cestibus</span> <span class='ocrx_word' id='word_1_228' title='bbox 397 3709 505 3753; x_wconf 89' lang='lat' dir='ltr'>secum</span> <span class='ocrx_word' id='word_1_229' title='bbox 537 3683 704 3761; x_wconf 85' lang='lat' dir='ltr'>dimicare,</span> <span class='ocrx_word' id='word_1_230' title='bbox 737 3683 899 3775; x_wconf 84' lang='lat' dir='ltr'>uictorque</span> <span class='ocrx_word' id='word_1_231' title='bbox 925 3689 1058 3757; x_wconf 82' lang='lat' dir='ltr'>existens</span> <span class='ocrx_word' id='word_1_232' title='bbox 1076 3692 1177 3758; x_wconf 92' lang='lat' dir='ltr'>inter·-</span> 
     </span>
     <span class='ocr_line' id='line_1_33' title="bbox 70 3769 1176 3864; baseline -0.003 -22"><span class='ocrx_word' id='word_1_233' title='bbox 70 3774 188 3844; x_wconf 73' lang='lat' dir='ltr'>icielrat</span> <span class='ocrx_word' id='word_1_234' title='bbox 217 3796 284 3841; x_wconf 87' lang='lat' dir='ltr'>eos.</span> <span class='ocrx_word' id='word_1_235' title='bbox 332 3772 428 3838; x_wconf 87' lang='lat' dir='ltr'>Hanc</span> <span class='ocrx_word' id='word_1_236' title='bbox 456 3772 523 3860; x_wconf 87' lang='lat' dir='ltr'>ejus</span> <span class='ocrx_word' id='word_1_237' title='bbox 555 3769 710 3837; x_wconf 78' lang='lat' dir='ltr'>feritaten</span> <span class='ocrx_word' id='word_1_238' title='bbox 737 3792 833 3858; x_wconf 86' lang='lat' dir='ltr'>quum</span> <span class='ocrx_word' id='word_1_239' title='bbox 860 3772 946 3841; x_wconf 92' lang='lat' dir='ltr'>multi</span> <span class='ocrx_word' id='word_1_240' title='bbox 973 3788 1079 3844; x_wconf 89' lang='lat' dir='ltr'>essent</span> <span class='ocrx_word' id='word_1_241' title='bbox 1103 3797 1176 3864; x_wconf 92' lang='lat' dir='ltr'>per-</span> 
     </span>
     <span class='ocr_line' id='line_1_34' title="bbox 69 3855 1177 3947; baseline -0.002 -20"><span class='ocrx_word' id='word_1_242' title='bbox 69 3864 159 3947; x_wconf 87' lang='lat' dir='ltr'>pessi,</span> <span class='ocrx_word' id='word_1_243' title='bbox 186 3858 355 3927; x_wconf 80' lang='lat' dir='ltr'>novissime</span> <span class='ocrx_word' id='word_1_244' title='bbox 380 3857 412 3922; x_wconf 93' lang='lat' dir='ltr'>in</span> <span class='ocrx_word' id='word_1_245' title='bbox 434 3857 548 3923; x_wconf 88' lang='lat' dir='ltr'>codem</span> <span class='ocrx_word' id='word_1_246' title='bbox 569 3855 742 3923; x_wconf 88' lang='lat' dir='ltr'>certamine</span> <span class='ocrx_word' id='word_1_247' title='bbox 762 3869 946 3944; x_wconf 88' lang='lat' dir='ltr'>superatus,</span> <span class='ocrx_word' id='word_1_248' title='bbox 972 3874 1074 3929; x_wconf 91' lang='lat' dir='ltr'>morte</span> <span class='ocrx_word' id='word_1_249' title='bbox 1096 3860 1177 3927; x_wconf 90' lang='lat' dir='ltr'>mul-</span> 
     </span>
    </p>
   </div>
   <div class='ocr_carea' id='block_1_9' title="bbox 68 3941 1218 4121">
    <p class='ocr_par' dir='ltr' id='par_1_9' title="bbox 68 3941 1218 4121">
     <span class='ocr_line' id='line_1_35' title="bbox 68 3941 1218 4032; baseline 0.002 -19"><span class='ocrx_word' id='word_1_250' title='bbox 68 3958 140 4015; x_wconf 80' lang='lat' dir='ltr'>tstus</span> <span class='ocrx_word' id='word_1_251' title='bbox 173 3960 226 4014; x_wconf 87' lang='lat' dir='ltr'>est</span> <span class='ocrx_word' id='word_1_252' title='bbox 256 3968 276 4011; x_wconf 84' lang='lat' dir='ltr'>a</span> <span class='ocrx_word' id='word_1_253' title='bbox 304 3941 453 4026; x_wconf 87' lang='lat' dir='ltr'>Polluce,</span> <span class='ocrx_word' id='word_1_254' title='bbox 492 3942 547 4031; x_wconf 78' lang='lat' dir='ltr'>qui</span> <span class='ocrx_word' id='word_1_255' title='bbox 580 3961 652 4010; x_wconf 93' lang='lat' dir='ltr'>cum</span> <span class='ocrx_word' id='word_1_256' title='bbox 678 3942 871 4027; x_wconf 78' lang='lat' dir='ltr'>Argonautis</span> <span class='ocrx_word' id='word_1_257' title='bbox 903 3943 1017 4032; x_wconf 87' lang='lat' dir='ltr'>pellem</span> <span class='ocrx_word' id='word_1_258' title='bbox 1047 3966 1218 4015; x_wconf 79' lang='lat' dir='ltr'>aureamou</span> 
     </span>
     <span class='ocr_line' id='line_1_36' title="bbox 68 4030 349 4121; baseline -0.018 -19"><span class='ocrx_word' id='word_1_259' title='bbox 68 4031 186 4102; x_wconf 73' lang='lat' dir='ltr'>cotenu</span> <span class='ocrx_word' id='word_1_260' title='bbox 209 4030 349 4121; x_wconf 86' lang='lat' dir='ltr'>petebat.</span> 
     </span>
    </p>
   </div>
   <div class='ocr_carea' id='block_1_10' title="bbox 313 4189 918 4301">
    <p class='ocr_par' dir='ltr' id='par_1_10' title="bbox 313 4189 918 4301">
     <span class='ocr_line' id='line_1_37' title="bbox 313 4189 918 4301; baseline 0.005 -35"><span class='ocrx_word' id='word_1_261' title='bbox 313 4189 383 4266; x_wconf 69' lang='lat'>921.</span> <span class='ocrx_word' id='word_1_262' title='bbox 433 4189 673 4291; x_wconf 83' lang='lat' dir='ltr'>Neptunus</span> <span class='ocrx_word' id='word_1_263' title='bbox 710 4204 753 4268; x_wconf 88' lang='lat' dir='ltr'>et</span> <span class='ocrx_word' id='word_1_264' title='bbox 782 4194 918 4301; x_wconf 60' lang='lat' dir='ltr'>Eryx,</span> 
     </span>
    </p>
   </div>
   <div class='ocr_carea' id='block_1_11' title="bbox 60 4318 1219 4672">
    <p class='ocr_par' dir='ltr' id='par_1_11' title="bbox 60 4318 1219 4672">
     <span class='ocr_line' id='line_1_38' title="bbox 137 4318 1176 4411; baseline -0.001 -20"><span class='ocrx_word' id='word_1_265' title='bbox 137 4326 248 4401; x_wconf 84' lang='lat' dir='ltr'>Quum</span> <span class='ocrx_word' id='word_1_266' title='bbox 286 4318 555 4388; x_wconf 79' lang='lat' dir='ltr'>animadvertisset</span> <span class='ocrx_word' id='word_1_267' title='bbox 592 4319 758 4409; x_wconf 89' lang='lat' dir='ltr'>Neptunus</span> <span class='ocrx_word' id='word_1_268' title='bbox 792 4323 949 4390; x_wconf 88' lang='lat' dir='ltr'>Venerem</span> <span class='ocrx_word' id='word_1_269' title='bbox 990 4322 1176 4411; x_wconf 83' lang='lat' dir='ltr'>spatiantem</span> 
     </span>
     <span class='ocr_line' id='line_1_39' title="bbox 107 4405 1176 4510; baseline 0 -35"><span class='ocrx_word' id='word_1_270' title='bbox 107 4411 202 4479; x_wconf 88' lang='lat' dir='ltr'>litore</span> <span class='ocrx_word' id='word_1_271' title='bbox 224 4405 324 4476; x_wconf 89' lang='lat' dir='ltr'>Siculi</span> <span class='ocrx_word' id='word_1_272' title='bbox 346 4406 457 4486; x_wconf 86' lang='lat' dir='ltr'>maris,</span> <span class='ocrx_word' id='word_1_273' title='bbox 484 4425 557 4472; x_wconf 90' lang='lat' dir='ltr'>cum</span> <span class='ocrx_word' id='word_1_274' title='bbox 579 4426 619 4470; x_wconf 91' lang='lat' dir='ltr'>ea</span> <span class='ocrx_word' id='word_1_275' title='bbox 638 4426 705 4472; x_wconf 90' lang='lat' dir='ltr'>rem</span> <span class='ocrx_word' id='word_1_276' title='bbox 726 4406 844 4474; x_wconf 85' lang='lat' dir='ltr'>habuit.</span> <span class='ocrx_word' id='word_1_277' title='bbox 886 4411 938 4476; x_wconf 87' lang='lat' dir='ltr'>Ex</span> <span class='ocrx_word' id='word_1_278' title='bbox 961 4430 1025 4496; x_wconf 89' lang='lat' dir='ltr'>quo</span> <span class='ocrx_word' id='word_1_279' title='bbox 1044 4409 1176 4510; x_wconf 70' lang='lat' dir='ltr'>gravida</span> 
     </span>
     <span class='ocr_line' id='line_1_40' title="bbox 62 4492 1219 4643; baseline -0.003 -80"><span class='ocrx_word' id='word_1_280' title='bbox 62 4495 138 4564; x_wconf 73' lang='lat' dir='ltr'>istra</span> <span class='ocrx_word' id='word_1_281' title='bbox 165 4495 267 4561; x_wconf 86' lang='lat' dir='ltr'>tilium</span> <span class='ocrx_word' id='word_1_282' title='bbox 291 4493 449 4580; x_wconf 84' lang='lat' dir='ltr'>perperit,</span> <span class='ocrx_word' id='word_1_283' title='bbox 477 4511 577 4643; x_wconf 36' lang='lat' dir='ltr'>‚puem</span> <span class='ocrx_word' id='word_1_284' title='bbox 611 4492 779 4562; x_wconf 84' lang='lat' dir='ltr'>nominavit</span> <span class='ocrx_word' id='word_1_285' title='bbox 802 4494 953 4582; x_wconf 81' lang='lat' dir='ltr'>Erycem.</span> <span class='ocrx_word' id='word_1_286' title='bbox 995 4496 1059 4570; x_wconf 83' lang='lat' dir='ltr'>Qu</span> <span class='ocrx_word' id='word_1_287' title='bbox 1080 4516 1219 4583; x_wconf 77' lang='lat' dir='ltr'>quumso</span> 
     </span>
     <span class='ocr_line' id='line_1_41' title="bbox 60 4575 1177 4672; baseline -0.01 -25"><span class='ocrx_word' id='word_1_288' title='bbox 60 4578 215 4651; x_wconf 74' lang='lat' dir='ltr'>issiciiia</span> <span class='ocrx_word' id='word_1_289' title='bbox 239 4589 411 4667; x_wconf 80' lang='lat' dir='ltr'>regnaret,</span> <span class='ocrx_word' id='word_1_290' title='bbox 431 4575 487 4643; x_wconf 83' lang='lat' dir='ltr'>rin</span> <span class='ocrx_word' id='word_1_291' title='bbox 510 4598 547 4646; x_wconf 91' lang='lat' dir='ltr'>us</span> <span class='ocrx_word' id='word_1_292' title='bbox 567 4576 633 4645; x_wconf 91' lang='lat' dir='ltr'>suis</span> <span class='ocrx_word' id='word_1_293' title='bbox 654 4576 773 4661; x_wconf 82' lang='lat' dir='ltr'>fidens,</span> <span class='ocrx_word' id='word_1_294' title='bbox 796 4578 902 4667; x_wconf 80' lang='lat' dir='ltr'>legem</span> <span class='ocrx_word' id='word_1_295' title='bbox 923 4581 1030 4672; x_wconf 87' lang='lat' dir='ltr'>posuit</span> <span class='ocrx_word' id='word_1_296' title='bbox 1051 4581 1177 4652; x_wconf 82' lang='lat' dir='ltr'>venien.</span> 
     </span>
    </p>
   </div>
   <div class='ocr_carea' id='block_1_12' title="bbox 0 0 1397 5130">
    <p class='ocr_par' dir='ltr' id='par_1_12' title="bbox 0 0 1397 5130">
     <span class='ocr_line' id='line_1_42' title="bbox 0 0 1397 5130; baseline 0 0"><span class='ocrx_word' id='word_1_297' title='bbox 0 0 1397 5130; x_wconf 95' lang='lat' dir='ltr'> </span> 
     </span>
    </p>
   </div>
  </div>
 </body>
</html>
