<?xml version="1.0" encoding="UTF-8"?>
<!DOCTYPE html PUBLIC "-//W3C//DTD XHTML 1.0 Transitional//EN"
    "http://www.w3.org/TR/xhtml1/DTD/xhtml1-transitional.dtd">
<html xmlns="http://www.w3.org/1999/xhtml" xml:lang="en" lang="en">
 <head>
  <title>
</title>
<meta http-equiv="Content-Type" content="text/html;charset=utf-8" />
  <meta name='ocr-system' content='tesseract 3.04.00' />
  <meta name='ocr-capabilities' content='ocr_page ocr_carea ocr_par ocr_line ocrx_word'/>
</head>
<body>
  <div class='ocr_page' id='page_1' title='image "./scriptoresrerum00bodegoog_0195.png"; bbox 0 0 2640 5130; ppageno 0'>
   <div class='ocr_carea' id='block_1_1' title="bbox 331 612 1185 722">
    <p class='ocr_par' dir='ltr' id='par_1_1' title="bbox 331 612 1185 722">
     <span class='ocr_line' id='line_1_1' title="bbox 331 612 1185 722; baseline -0.006 -27"><span class='ocrx_word' id='word_1_1' title='bbox 331 617 513 722; x_wconf 66' lang='lat' dir='ltr'>Mythogr.</span> <span class='ocrx_word' id='word_1_2' title='bbox 541 617 614 691; x_wconf 89' lang='lat'>111.</span> <span class='ocrx_word' id='word_1_3' title='bbox 667 612 708 688; x_wconf 77' lang='lat'>2.</span> <span class='ocrx_word' id='word_1_4' title='bbox 762 614 905 689; x_wconf 79' lang='lat' dir='ltr'>li—li.</span> <span class='ocrx_word' id='word_1_5' title='bbox 1105 615 1185 712; x_wconf 70' lang='lat' dir='ltr'>{bu</span> 
     </span>
    </p>
   </div>
   <div class='ocr_carea' id='block_1_2' title="bbox 58 796 1314 2848">
    <p class='ocr_par' dir='ltr' id='par_1_2' title="bbox 58 796 1314 2848">
     <span class='ocr_line' id='line_1_2' title="bbox 63 796 1185 892; baseline -0.004 -19"><span class='ocrx_word' id='word_1_6' title='bbox 63 803 111 872; x_wconf 93' lang='lat' dir='ltr'>sol</span> <span class='ocrx_word' id='word_1_7' title='bbox 134 800 298 892; x_wconf 71' lang='lat' dir='ltr'><strong>accipitur.</strong></span> <span class='ocrx_word' id='word_1_8' title='bbox 327 798 404 889; x_wconf 86' lang='lat' dir='ltr'>lpse</span> <span class='ocrx_word' id='word_1_9' title='bbox 419 798 503 878; x_wconf 80' lang='lat' dir='ltr'>enim</span> <span class='ocrx_word' id='word_1_10' title='bbox 519 808 552 864; x_wconf 91' lang='lat' dir='ltr'>et</span> <span class='ocrx_word' id='word_1_11' title='bbox 567 799 627 864; x_wconf 89' lang='lat' dir='ltr'>flos</span> <span class='ocrx_word' id='word_1_12' title='bbox 646 797 842 886; x_wconf 73' lang='lat' dir='ltr'>cuprinoeps</span> <span class='ocrx_word' id='word_1_13' title='bbox 864 796 1021 865; x_wconf 87' lang='lat' dir='ltr'>stellarum</span> <span class='ocrx_word' id='word_1_14' title='bbox 1039 810 1073 868; x_wconf 92' lang='lat' dir='ltr'>et</span> <span class='ocrx_word' id='word_1_15' title='bbox 1086 820 1185 868; x_wconf 87' lang='lat' dir='ltr'>causa</span> 
     </span>
     <span class='ocr_line' id='line_1_3' title="bbox 60 883 1182 971; baseline -0.002 -16"><span class='ocrx_word' id='word_1_16' title='bbox 60 890 200 956; x_wconf 88' lang='lat' dir='ltr'>omnium</span> <span class='ocrx_word' id='word_1_17' title='bbox 222 888 336 952; x_wconf 85' lang='lat' dir='ltr'>flamm</span> <span class='ocrx_word' id='word_1_18' title='bbox 357 888 428 952; x_wconf 85' lang='lat' dir='ltr'>est&#39;</span> <span class='ocrx_word' id='word_1_19' title='bbox 456 885 561 959; x_wconf 81' lang='lat' dir='ltr'>Quem</span> <span class='ocrx_word' id='word_1_20' title='bbox 582 885 696 949; x_wconf 81' lang='lat' dir='ltr'>amarit</span> <span class='ocrx_word' id='word_1_21' title='bbox 710 883 938 971; x_wconf 80' lang='lat' dir='ltr'>Berecynthia,</span> <span class='ocrx_word' id='word_1_22' title='bbox 967 884 1000 949; x_wconf 93' lang='lat' dir='ltr'>id</span> <span class='ocrx_word' id='word_1_23' title='bbox 1021 900 1072 953; x_wconf 83' lang='lat' dir='ltr'>cst</span> <span class='ocrx_word' id='word_1_24' title='bbox 1089 898 1182 953; x_wconf 85' lang='lat' dir='ltr'>terra.</span> 
     </span>
     <span class='ocr_line' id='line_1_4' title="bbox 59 968 1181 1054; baseline -0.003 -13"><span class='ocrx_word' id='word_1_25' title='bbox 59 975 168 1041; x_wconf 82' lang='lat' dir='ltr'>&#39;l&#39;erra</span> <span class='ocrx_word' id='word_1_26' title='bbox 188 973 291 1051; x_wconf 86' lang='lat' dir='ltr'>enim,</span> <span class='ocrx_word' id='word_1_27' title='bbox 321 968 490 1037; x_wconf 83' lang='lat' dir='ltr'>constricta</span> <span class='ocrx_word' id='word_1_28' title='bbox 512 968 633 1054; x_wconf 80' lang='lat' dir='ltr'>frigore</span> <span class='ocrx_word' id='word_1_29' title='bbox 663 968 790 1047; x_wconf 86' lang='lat' dir='ltr'>hiemis,</span> <span class='ocrx_word' id='word_1_30' title='bbox 828 968 961 1033; x_wconf 81' lang='lat' dir='ltr'>relaxari</span> <span class='ocrx_word' id='word_1_31' title='bbox 993 980 1026 1038; x_wconf 88' lang='lat' dir='ltr'>et</span> <span class='ocrx_word' id='word_1_32' title='bbox 1046 971 1181 1038; x_wconf 73' lang='lat' dir='ltr'>refoveri</span> 
     </span>
     <span class='ocr_line' id='line_1_5' title="bbox 58 1053 1183 1144; baseline -0.005 -16"><span class='ocrx_word' id='word_1_33' title='bbox 58 1059 132 1128; x_wconf 85' lang='lat' dir='ltr'>scl&#39;u</span> <span class='ocrx_word' id='word_1_34' title='bbox 155 1057 261 1125; x_wconf 89' lang='lat' dir='ltr'>calore</span> <span class='ocrx_word' id='word_1_35' title='bbox 291 1053 459 1122; x_wconf 80' lang='lat' dir='ltr'>desiderat</span> <span class='ocrx_word' id='word_1_36' title='bbox 500 1053 658 1119; x_wconf 87' lang='lat' dir='ltr'>Iohannes</span> <span class='ocrx_word' id='word_1_37' title='bbox 680 1067 785 1120; x_wconf 88' lang='lat' dir='ltr'>tamen</span> <span class='ocrx_word' id='word_1_38' title='bbox 809 1054 927 1121; x_wconf 85' lang='lat' dir='ltr'>Scotus</span> <span class='ocrx_word' id='word_1_39' title='bbox 947 1054 1021 1120; x_wconf 84' lang='lat' dir='ltr'>Atin</span> <span class='ocrx_word' id='word_1_40' title='bbox 1048 1079 1183 1144; x_wconf 85' lang='lat' dir='ltr'>puerum</span> 
     </span>
     <span class='ocr_line' id='line_1_6' title="bbox 59 1138 1207 1231; baseline -0.001 -22"><span class='ocrx_word' id='word_1_41' title='bbox 59 1147 231 1231; x_wconf 81' lang='lat' dir='ltr'>impetum</span> <span class='ocrx_word' id='word_1_42' title='bbox 263 1141 329 1208; x_wconf 82' lang='lat' dir='ltr'>sire</span> <span class='ocrx_word' id='word_1_43' title='bbox 353 1139 554 1228; x_wconf 80' lang='lat' dir='ltr'>proximum</span> <span class='ocrx_word' id='word_1_44' title='bbox 593 1138 670 1205; x_wconf 91' lang='lat' dir='ltr'>dicit</span> <span class='ocrx_word' id='word_1_45' title='bbox 707 1138 914 1227; x_wconf 85' lang='lat' dir='ltr'>interpretari.</span> <span class='ocrx_word' id='word_1_46' title='bbox 968 1139 1095 1208; x_wconf 79' lang='lat' dir='ltr'>Dantur</span> <span class='ocrx_word' id='word_1_47' title='bbox 1118 1143 1150 1208; x_wconf 93' lang='lat'>0</span> <span class='ocrx_word' id='word_1_48' title='bbox 1172 1142 1207 1221; x_wconf 57' lang='lat' dir='ltr'>ia</span> 
     </span>
     <span class='ocr_line' id='line_1_7' title="bbox 60 1165 1183 1317; baseline 0 -23"><span class='ocrx_word' id='word_1_49' title='bbox 60 1241 229 1317; x_wconf 85' lang='lat' dir='ltr'>tympana,</span> <span class='ocrx_word' id='word_1_50' title='bbox 258 1223 343 1315; x_wconf 85' lang='lat' dir='ltr'>quod</span> <span class='ocrx_word' id='word_1_51' title='bbox 366 1237 452 1292; x_wconf 90' lang='lat' dir='ltr'>terra</span> <span class='ocrx_word' id='word_1_52' title='bbox 473 1221 598 1289; x_wconf 90' lang='lat' dir='ltr'>duobus</span> <span class='ocrx_word' id='word_1_53' title='bbox 627 1223 705 1289; x_wconf 89' lang='lat' dir='ltr'>caeli</span> <span class='ocrx_word' id='word_1_54' title='bbox 732 1223 968 1311; x_wconf 76' lang='lat' dir='ltr'>hemisphaeriis</span> <span class='ocrx_word' id='word_1_55' title='bbox 999 1225 1138 1294; x_wconf 78' lang='lat' dir='ltr'>circumv</span> <span class='ocrx_word' id='word_1_56' title='bbox 1151 1165 1183 1294; x_wconf 74' lang='lat' dir='ltr'>l</span> 
     </span>
     <span class='ocr_line' id='line_1_8' title="bbox 60 1307 1184 1411; baseline 0.001 -32"><span class='ocrx_word' id='word_1_57' title='bbox 60 1314 154 1381; x_wconf 89' lang='lat' dir='ltr'>latur.</span> <span class='ocrx_word' id='word_1_58' title='bbox 195 1310 351 1400; x_wconf 80' lang='lat' dir='ltr'>Cymbala</span> <span class='ocrx_word' id='word_1_59' title='bbox 371 1331 434 1399; x_wconf 91' lang='lat' dir='ltr'>quo</span> <span class='ocrx_word' id='word_1_60' title='bbox 458 1330 499 1374; x_wconf 89' lang='lat' dir='ltr'>ue</span> <span class='ocrx_word' id='word_1_61' title='bbox 528 1309 560 1374; x_wconf 93' lang='lat' dir='ltr'>in</span> <span class='ocrx_word' id='word_1_62' title='bbox 589 1307 656 1411; x_wconf 81' lang='lat' dir='ltr'>ejus</span> <span class='ocrx_word' id='word_1_63' title='bbox 684 1321 760 1376; x_wconf 88' lang='lat' dir='ltr'>sunt</span> <span class='ocrx_word' id='word_1_64' title='bbox 786 1309 899 1388; x_wconf 91' lang='lat' dir='ltr'>tutela,</span> <span class='ocrx_word' id='word_1_65' title='bbox 938 1310 1025 1397; x_wconf 84' lang='lat' dir='ltr'>quod</span> <span class='ocrx_word' id='word_1_66' title='bbox 1053 1326 1086 1379; x_wconf 87' lang='lat' dir='ltr'>ct</span> <span class='ocrx_word' id='word_1_67' title='bbox 1114 1313 1184 1401; x_wconf 91' lang='lat' dir='ltr'>ipsa</span> 
     </span>
     <span class='ocr_line' id='line_1_9' title="bbox 60 1332 1183 1487; baseline 0.001 -22"><span class='ocrx_word' id='word_1_68' title='bbox 60 1396 243 1487; x_wconf 81' lang='lat' dir='ltr'>hemicyclrs</span> <span class='ocrx_word' id='word_1_69' title='bbox 264 1396 359 1474; x_wconf 84' lang='lat' dir='ltr'>caeli,</span> <span class='ocrx_word' id='word_1_70' title='bbox 391 1332 505 1483; x_wconf 74' lang='lat' dir='ltr'>quilius</span> <span class='ocrx_word' id='word_1_71' title='bbox 527 1394 665 1481; x_wconf 79' lang='lat' dir='ltr'>cingitur</span> <span class='ocrx_word' id='word_1_72' title='bbox 682 1406 782 1474; x_wconf 90' lang='lat' dir='ltr'>terra,</span> <span class='ocrx_word' id='word_1_73' title='bbox 803 1394 911 1460; x_wconf 81' lang='lat' dir='ltr'>similia</span> <span class='ocrx_word' id='word_1_74' title='bbox 931 1408 1013 1463; x_wconf 86' lang='lat' dir='ltr'>sunt</span> <span class='ocrx_word' id='word_1_75' title='bbox 1055 1398 1183 1466; x_wconf 79' lang='lat' dir='ltr'>Vestam</span> 
     </span>
     <span class='ocr_line' id='line_1_10' title="bbox 60 1478 1184 1569; baseline 0.001 -21"><span class='ocrx_word' id='word_1_76' title='bbox 60 1484 91 1548; x_wconf 86' lang='lat' dir='ltr'>ei</span> <span class='ocrx_word' id='word_1_77' title='bbox 113 1482 207 1547; x_wconf 82' lang='lat' dir='ltr'>deant</span> <span class='ocrx_word' id='word_1_78' title='bbox 228 1481 310 1565; x_wconf 79' lang='lat' dir='ltr'>ignis</span> <span class='ocrx_word' id='word_1_79' title='bbox 332 1478 509 1546; x_wconf 85' lang='lat' dir='ltr'>adhaerere</span> <span class='ocrx_word' id='word_1_80' title='bbox 527 1479 621 1565; x_wconf 77' lang='lat' dir='ltr'>fingit</span> <span class='ocrx_word' id='word_1_81' title='bbox 644 1478 834 1557; x_wconf 78' lang='lat' dir='ltr'>Martianus,</span> <span class='ocrx_word' id='word_1_82' title='bbox 865 1479 938 1569; x_wconf 84' lang='lat' dir='ltr'>quia</span> <span class='ocrx_word' id='word_1_83' title='bbox 958 1481 989 1545; x_wconf 94' lang='lat' dir='ltr'>in</span> <span class='ocrx_word' id='word_1_84' title='bbox 1010 1480 1184 1549; x_wconf 83' lang='lat' dir='ltr'>visceribus</span> 
     </span>
     <span class='ocr_line' id='line_1_11' title="bbox 58 1562 1225 1725; baseline 0.003 -91"><span class='ocrx_word' id='word_1_85' title='bbox 58 1579 167 1718; x_wconf 61' lang='lat' dir='ltr'>terrap</span> <span class='ocrx_word' id='word_1_86' title='bbox 178 1565 445 1725; x_wconf 50' lang='lat' dir='ltr'>ignddmnimra</span> <span class='ocrx_word' id='word_1_87' title='bbox 465 1562 617 1717; x_wconf 53' lang='lat' dir='ltr'>vdd‘ff&#39;</span> <span class='ocrx_word' id='word_1_88' title='bbox 628 1565 710 1629; x_wconf 90' lang='lat' dir='ltr'>enim</span> <span class='ocrx_word' id='word_1_89' title='bbox 730 1563 1043 1717; x_wconf 46' lang='lat' dir='ltr'>‹ppesibcipus‘pgnem</span> <span class='ocrx_word' id='word_1_90' title='bbox 1057 1568 1181 1718; x_wconf 69' lang='lat' dir='ltr'>pxcudl.</span> <span class='ocrx_word' id='word_1_91' title='bbox 1191 1590 1225 1637; x_wconf 89' lang='lat' dir='ltr'>ro</span> 
     </span>
     <span class='ocr_line' id='line_1_12' title="bbox 168 1670 1182 1730; baseline 0.001 -12"><span class='ocrx_word' id='word_1_92' title='bbox 168 1700 176 1718; x_wconf 91' lang='lat'><strong>.</strong></span> <span class='ocrx_word' id='word_1_93' title='bbox 254 1672 401 1719; x_wconf 79' lang='lat' dir='ltr'>uravero</span> <span class='ocrx_word' id='word_1_94' title='bbox 447 1671 466 1714; x_wconf 89' lang='lat' dir='ltr'>e</span> <span class='ocrx_word' id='word_1_95' title='bbox 517 1672 551 1714; x_wconf 90' lang='lat' dir='ltr'>es</span> <span class='ocrx_word' id='word_1_96' title='bbox 605 1670 739 1715; x_wconf 89' lang='lat' dir='ltr'>casuso</span> <span class='ocrx_word' id='word_1_97' title='bbox 771 1671 893 1730; x_wconf 85' lang='lat' dir='ltr'>uses,</span> <span class='ocrx_word' id='word_1_98' title='bbox 943 1673 1182 1719; x_wconf 87' lang='lat' dir='ltr'>eeaaruan-</span> 
     </span>
     <span class='ocr_line' id='line_1_13' title="bbox 60 1677 1183 1839; baseline -0.002 -34"><span class='ocrx_word' id='word_1_99' title='bbox 60 1722 159 1805; x_wconf 82' lang='lat' dir='ltr'>tulum¹</span> <span class='ocrx_word' id='word_1_100' title='bbox 188 1757 293 1839; x_wconf 81' lang='lat' dir='ltr'>sermo</span> <span class='ocrx_word' id='word_1_101' title='bbox 320 1735 484 1824; x_wconf 86' lang='lat' dir='ltr'>procedat</span> <span class='ocrx_word' id='word_1_102' title='bbox 526 1734 623 1837; x_wconf 59' lang='lat' dir='ltr'>lianc</span> <span class='ocrx_word' id='word_1_103' title='bbox 650 1735 737 1800; x_wconf 78' lang='lat' dir='ltr'>Jusis</span> <span class='ocrx_word' id='word_1_104' title='bbox 774 1742 845 1836; x_wconf 76' lang='lat' dir='ltr'>eise</span> <span class='ocrx_word' id='word_1_105' title='bbox 872 1735 1026 1837; x_wconf 71' lang='lat' dir='ltr'>nutricem</span> <span class='ocrx_word' id='word_1_106' title='bbox 1055 1677 1103 1806; x_wconf 72' lang='lat' dir='ltr'>edl</span> <span class='ocrx_word' id='word_1_107' title='bbox 1124 1762 1183 1805; x_wconf 88' lang='lat' dir='ltr'>suo</span> 
     </span>
     <span class='ocr_line' id='line_1_14' title="bbox 60 1817 1185 1995; baseline 0.001 -21"><span class='ocrx_word' id='word_1_108' title='bbox 60 1817 888 1992; x_wconf 48' lang='lat' dir='ltr'>:ltt‘llttmillttngltillidi-&#39;¹2</span> <span class='ocrx_word' id='word_1_109' title='bbox 902 1819 1185 1995; x_wconf 56' lang='lat' dir='ltr'>&#39;initiabili</span> 
     </span>
     <span class='ocr_line' id='line_1_15' title="bbox 63 1927 1226 2092; baseline 0.003 -34"><span class='ocrx_word' id='word_1_110' title='bbox 63 2006 142 2058; x_wconf 83' lang='lat' dir='ltr'>reno</span> <span class='ocrx_word' id='word_1_111' title='bbox 161 1991 246 2079; x_wconf 75' lang='lat' dir='ltr'>igni,</span> <span class='ocrx_word' id='word_1_112' title='bbox 274 1992 326 2081; x_wconf 89' lang='lat' dir='ltr'>qui</span> <span class='ocrx_word' id='word_1_113' title='bbox 348 2012 406 2079; x_wconf 88' lang='lat' dir='ltr'>per</span> <span class='ocrx_word' id='word_1_114' title='bbox 424 1990 574 2069; x_wconf 80' lang='lat' dir='ltr'>Vestam,</span> <span class='ocrx_word' id='word_1_115' title='bbox 602 1927 785 2069; x_wconf 77' lang='lat' dir='ltr'>caelestem,</span> <span class='ocrx_word' id='word_1_116' title='bbox 812 1989 879 2092; x_wconf 47' lang='lat' dir='ltr'>pul·</span> <span class='ocrx_word' id='word_1_117' title='bbox 888 2012 946 2079; x_wconf 88' lang='lat' dir='ltr'>per</span> <span class='ocrx_word' id='word_1_118' title='bbox 963 1990 1075 2057; x_wconf 79' lang='lat' dir='ltr'>Jovem</span> <span class='ocrx_word' id='word_1_119' title='bbox 1094 1992 1181 2059; x_wconf 89' lang='lat' dir='ltr'>intel·</span> <span class='ocrx_word' id='word_1_120' title='bbox 1196 2018 1226 2065; x_wconf 83' lang='lat' dir='ltr'>ra</span> 
     </span>
     <span class='ocr_line' id='line_1_16' title="bbox 63 2074 1185 2165; baseline 0 -21"><span class='ocrx_word' id='word_1_121' title='bbox 63 2078 190 2165; x_wconf 75' lang='lat' dir='ltr'>ligitur,</span> <span class='ocrx_word' id='word_1_122' title='bbox 211 2077 320 2164; x_wconf 78' lang='lat' dir='ltr'>ignem</span> <span class='ocrx_word' id='word_1_123' title='bbox 342 2074 460 2143; x_wconf 88' lang='lat' dir='ltr'>nutriri.</span> <span class='ocrx_word' id='word_1_124' title='bbox 515 2074 561 2143; x_wconf 91' lang='lat' dir='ltr'>Ut</span> <span class='ocrx_word' id='word_1_125' title='bbox 589 2085 693 2140; x_wconf 85' lang='lat' dir='ltr'>autern</span> <span class='ocrx_word' id='word_1_126' title='bbox 725 2074 787 2141; x_wconf 89' lang='lat' dir='ltr'>dea</span> <span class='ocrx_word' id='word_1_127' title='bbox 813 2095 896 2162; x_wconf 76' lang='lat' dir='ltr'>agnus</span> <span class='ocrx_word' id='word_1_128' title='bbox 925 2097 998 2142; x_wconf 86' lang='lat' dir='ltr'>esse</span> <span class='ocrx_word' id='word_1_129' title='bbox 1025 2078 1185 2158; x_wconf 89' lang='lat' dir='ltr'>credatur,</span> 
     </span>
     <span class='ocr_line' id='line_1_17' title="bbox 63 2159 1186 2253; baseline 0 -25"><span class='ocrx_word' id='word_1_130' title='bbox 63 2174 256 2253; x_wconf 76' lang='lat' dir='ltr'>argumento</span> <span class='ocrx_word' id='word_1_131' title='bbox 278 2183 350 2229; x_wconf 89' lang='lat' dir='ltr'>esse</span> <span class='ocrx_word' id='word_1_132' title='bbox 392 2168 490 2237; x_wconf 87' lang='lat' dir='ltr'>otest,</span> <span class='ocrx_word' id='word_1_133' title='bbox 519 2159 604 2248; x_wconf 84' lang='lat' dir='ltr'>quod</span> <span class='ocrx_word' id='word_1_134' title='bbox 625 2159 656 2224; x_wconf 96' lang='lat' dir='ltr'>in</span> <span class='ocrx_word' id='word_1_135' title='bbox 680 2159 748 2249; x_wconf 87' lang='lat' dir='ltr'>ejus</span> <span class='ocrx_word' id='word_1_136' title='bbox 768 2160 885 2248; x_wconf 86' lang='lat' dir='ltr'>templo</span> <span class='ocrx_word' id='word_1_137' title='bbox 908 2161 992 2249; x_wconf 76' lang='lat' dir='ltr'>ignis</span> <span class='ocrx_word' id='word_1_138' title='bbox 1010 2162 1186 2230; x_wconf 72' lang='lat' dir='ltr'>custoditae</span> 
     </span>
     <span class='ocr_line' id='line_1_18' title="bbox 62 2185 1186 2350; baseline 0.001 -36"><span class='ocrx_word' id='word_1_139' title='bbox 62 2249 263 2314; x_wconf 72' lang='lat' dir='ltr'>inextinctus.</span> <span class='ocrx_word' id='word_1_140' title='bbox 290 2185 422 2313; x_wconf 74' lang='lat' dir='ltr'>ovillus</span> <span class='ocrx_word' id='word_1_141' title='bbox 443 2245 538 2311; x_wconf 89' lang='lat' dir='ltr'>etiam</span> <span class='ocrx_word' id='word_1_142' title='bbox 557 2245 587 2309; x_wconf 92' lang='lat' dir='ltr'>in</span> <span class='ocrx_word' id='word_1_143' title='bbox 609 2244 689 2310; x_wconf 89' lang='lat' dir='ltr'>libro</span> <span class='ocrx_word' id='word_1_144' title='bbox 709 2245 881 2312; x_wconf 80' lang='lat' dir='ltr'>Fastorum</span> <span class='ocrx_word' id='word_1_145' title='bbox 902 2251 944 2313; x_wconf 91' lang='lat' dir='ltr'>ab</span> <span class='ocrx_word' id='word_1_146' title='bbox 964 2246 1098 2350; x_wconf 78' lang='lat' dir='ltr'>antiquis</span> <span class='ocrx_word' id='word_1_147' title='bbox 1115 2272 1186 2315; x_wconf 79' lang='lat' dir='ltr'>eam</span> 
     </span>
     <span class='ocr_line' id='line_1_19' title="bbox 64 2329 1185 2422; baseline 0 -22"><span class='ocrx_word' id='word_1_148' title='bbox 64 2332 173 2400; x_wconf 76' lang='lat' dir='ltr'>lecum</span> <span class='ocrx_word' id='word_1_149' title='bbox 196 2332 296 2401; x_wconf 89' lang='lat' dir='ltr'>innuit</span> <span class='ocrx_word' id='word_1_150' title='bbox 318 2333 518 2398; x_wconf 82' lang='lat' dir='ltr'>nominatam.</span> <span class='ocrx_word' id='word_1_151' title='bbox 567 2329 634 2395; x_wconf 86' lang='lat' dir='ltr'>Sed</span> <span class='ocrx_word' id='word_1_152' title='bbox 664 2343 697 2395; x_wconf 94' lang='lat' dir='ltr'>et</span> <span class='ocrx_word' id='word_1_153' title='bbox 725 2331 757 2396; x_wconf 95' lang='lat' dir='ltr'>in</span> <span class='ocrx_word' id='word_1_154' title='bbox 785 2330 912 2397; x_wconf 89' lang='lat' dir='ltr'>introitu</span> <span class='ocrx_word' id='word_1_155' title='bbox 945 2336 1051 2421; x_wconf 82' lang='lat' dir='ltr'>templa</span> <span class='ocrx_word' id='word_1_156' title='bbox 1078 2334 1185 2422; x_wconf 77' lang='lat' dir='ltr'>ignem</span> 
     </span>
     <span class='ocr_line' id='line_1_20' title="bbox 64 2415 1314 2564; baseline 0.004 -80"><span class='ocrx_word' id='word_1_157' title='bbox 64 2418 140 2484; x_wconf 86' lang='lat' dir='ltr'>olim</span> <span class='ocrx_word' id='word_1_158' title='bbox 168 2416 281 2491; x_wconf 82' lang='lat' dir='ltr'>luisse,</span> <span class='ocrx_word' id='word_1_159' title='bbox 313 2439 416 2505; x_wconf 80' lang='lat' dir='ltr'>eoque</span> <span class='ocrx_word' id='word_1_160' title='bbox 440 2415 513 2481; x_wconf 90' lang='lat' dir='ltr'>loco</span> <span class='ocrx_word' id='word_1_161' title='bbox 543 2426 673 2480; x_wconf 87' lang='lat' dir='ltr'>cunctos</span> <span class='ocrx_word' id='word_1_162' title='bbox 691 2415 830 2564; x_wconf 49' lang='lat' dir='ltr'>§quippe</span> <span class='ocrx_word' id='word_1_163' title='bbox 855 2416 985 2485; x_wconf 89' lang='lat' dir='ltr'>interius</span> <span class='ocrx_word' id='word_1_164' title='bbox 1012 2419 1230 2490; x_wconf 76' lang='lat' dir='ltr'>sacrariunrsu</span> <span class='ocrx_word' id='word_1_165' title='bbox 1307 2488 1314 2498; x_wconf 78' lang='grc'>,</span> 
     </span>
     <span class='ocr_line' id='line_1_21' title="bbox 64 2500 1183 2590; baseline 0.002 -20"><span class='ocrx_word' id='word_1_166' title='bbox 64 2504 145 2570; x_wconf 86' lang='lat' dir='ltr'>inire</span> <span class='ocrx_word' id='word_1_167' title='bbox 165 2503 275 2570; x_wconf 78' lang='lat' dir='ltr'>vetitos</span> <span class='ocrx_word' id='word_1_168' title='bbox 317 2503 414 2568; x_wconf 89' lang='lat' dir='ltr'>sacris</span> <span class='ocrx_word' id='word_1_169' title='bbox 434 2522 564 2588; x_wconf 81' lang='lat' dir='ltr'>operam</span> <span class='ocrx_word' id='word_1_170' title='bbox 585 2500 688 2586; x_wconf 87' lang='lat' dir='ltr'>impen</span> <span class='ocrx_word' id='word_1_171' title='bbox 712 2501 793 2578; x_wconf 81' lang='lat' dir='ltr'>isse,</span> <span class='ocrx_word' id='word_1_172' title='bbox 814 2512 847 2567; x_wconf 91' lang='lat' dir='ltr'>et</span> <span class='ocrx_word' id='word_1_173' title='bbox 869 2502 941 2568; x_wconf 90' lang='lat' dir='ltr'>hino</span> <span class='ocrx_word' id='word_1_174' title='bbox 959 2503 1062 2590; x_wconf 87' lang='lat' dir='ltr'>ipsum</span> <span class='ocrx_word' id='word_1_175' title='bbox 1080 2504 1183 2572; x_wconf 88' lang='lat' dir='ltr'>locum</span> 
     </span>
     <span class='ocr_line' id='line_1_22' title="bbox 65 2583 1188 2674; baseline 0.001 -19"><span class='ocrx_word' id='word_1_176' title='bbox 65 2588 226 2668; x_wconf 84' lang='lat' dir='ltr'>aVesta,</span> <span class='ocrx_word' id='word_1_177' title='bbox 257 2588 267 2652; x_wconf 91' lang='lat' dir='ltr'>i</span> <span class='ocrx_word' id='word_1_178' title='bbox 312 2598 362 2654; x_wconf 86' lang='lat' dir='ltr'>est</span> <span class='ocrx_word' id='word_1_179' title='bbox 382 2586 475 2663; x_wconf 82' lang='lat' dir='ltr'>loco,</span> <span class='ocrx_word' id='word_1_180' title='bbox 512 2584 698 2651; x_wconf 77' lang='lat' dir='ltr'>uestibulum</span> <span class='ocrx_word' id='word_1_181' title='bbox 720 2607 790 2650; x_wconf 89' lang='lat' dir='ltr'>esse</span> <span class='ocrx_word' id='word_1_182' title='bbox 811 2583 928 2653; x_wconf 92' lang='lat' dir='ltr'>dictum</span> <span class='ocrx_word' id='word_1_183' title='bbox 951 2600 1049 2674; x_wconf 85' lang='lat' dir='ltr'>putat.</span> <span class='ocrx_word' id='word_1_184' title='bbox 1091 2590 1188 2656; x_wconf 75' lang='lat' dir='ltr'>acuit</span> 
     </span>
     <span class='ocr_line' id='line_1_23' title="bbox 60 2669 1187 2763; baseline 0.004 -26"><span class='ocrx_word' id='word_1_185' title='bbox 60 2693 213 2763; x_wconf 73' lang='lat' dir='ltr'>quoque,</span> <span class='ocrx_word' id='word_1_186' title='bbox 248 2671 363 2738; x_wconf 90' lang='lat' dir='ltr'>nullam</span> <span class='ocrx_word' id='word_1_187' title='bbox 399 2672 533 2743; x_wconf 80' lang='lat' dir='ltr'>Vestae,</span> <span class='ocrx_word' id='word_1_188' title='bbox 578 2670 660 2737; x_wconf 87' lang='lat' dir='ltr'>sicut</span> <span class='ocrx_word' id='word_1_189' title='bbox 689 2691 752 2735; x_wconf 91' lang='lat' dir='ltr'>nec</span> <span class='ocrx_word' id='word_1_190' title='bbox 785 2669 870 2756; x_wconf 86' lang='lat' dir='ltr'>igni,</span> <span class='ocrx_word' id='word_1_191' title='bbox 918 2674 971 2760; x_wconf 87' lang='lat' dir='ltr'>qui</span> <span class='ocrx_word' id='word_1_192' title='bbox 1001 2696 1127 2761; x_wconf 82' lang='lat' dir='ltr'>semper</span> <span class='ocrx_word' id='word_1_193' title='bbox 1155 2676 1187 2741; x_wconf 85' lang='lat' dir='ltr'>iu</span> 
     </span>
     <span class='ocr_line' id='line_1_24' title="bbox 66 2754 1186 2848; baseline 0.001 -24"><span class='ocrx_word' id='word_1_194' title='bbox 66 2770 156 2825; x_wconf 88' lang='lat' dir='ltr'>motu</span> <span class='ocrx_word' id='word_1_195' title='bbox 177 2767 245 2836; x_wconf 90' lang='lat' dir='ltr'>est,</span> <span class='ocrx_word' id='word_1_196' title='bbox 266 2756 459 2844; x_wconf 84' lang='lat' dir='ltr'>abantiquis</span> <span class='ocrx_word' id='word_1_197' title='bbox 482 2754 661 2821; x_wconf 89' lang='lat' dir='ltr'>attributam</span> <span class='ocrx_word' id='word_1_198' title='bbox 683 2755 840 2842; x_wconf 67' lang='lat' dir='ltr'>effigiem</span> <span class='ocrx_word' id='word_1_199' title='bbox 860 2757 916 2823; x_wconf 89' lang='lat' dir='ltr'>sed</span> <span class='ocrx_word' id='word_1_200' title='bbox 938 2769 971 2824; x_wconf 90' lang='lat' dir='ltr'>et</span> <span class='ocrx_word' id='word_1_201' title='bbox 990 2756 1080 2837; x_wconf 86' lang='lat' dir='ltr'>ideo,</span> <span class='ocrx_word' id='word_1_202' title='bbox 1101 2761 1186 2848; x_wconf 78' lang='lat' dir='ltr'>qarod</span> 
     </span>
    </p>
   </div>
   <div class='ocr_carea' id='block_1_3' title="bbox 67 2839 1228 2994">
    <p class='ocr_par' dir='ltr' id='par_1_3' title="bbox 67 2839 1228 2994">
     <span class='ocr_line' id='line_1_25' title="bbox 67 2839 1228 2994; baseline 0.002 -83"><span class='ocrx_word' id='word_1_203' title='bbox 67 2855 102 2911; x_wconf 82' lang='lat' dir='ltr'>et</span> <span class='ocrx_word' id='word_1_204' title='bbox 120 2843 206 2929; x_wconf 78' lang='lat' dir='ltr'>ignis</span> <span class='ocrx_word' id='word_1_205' title='bbox 226 2862 341 2907; x_wconf 88' lang='lat' dir='ltr'>numen</span> <span class='ocrx_word' id='word_1_206' title='bbox 364 2864 435 2907; x_wconf 84' lang='lat' dir='ltr'>esse</span> <span class='ocrx_word' id='word_1_207' title='bbox 455 2840 621 2914; x_wconf 85' lang='lat' dir='ltr'>meruerit,</span> <span class='ocrx_word' id='word_1_208' title='bbox 651 2850 684 2904; x_wconf 89' lang='lat' dir='ltr'>et</span> <span class='ocrx_word' id='word_1_209' title='bbox 703 2839 812 2941; x_wconf 74' lang='lat' dir='ltr'>ignem</span> <span class='ocrx_word' id='word_1_210' title='bbox 840 2840 872 2908; x_wconf 88' lang='lat' dir='ltr'>in</span> <span class='ocrx_word' id='word_1_211' title='bbox 903 2842 1019 2929; x_wconf 92' lang='lat' dir='ltr'>templo</span> <span class='ocrx_word' id='word_1_212' title='bbox 1039 2845 1228 2994; x_wconf 77' lang='lat' dir='ltr'>luppiteras</span> 
     </span>
    </p>
   </div>
   <div class='ocr_carea' id='block_1_4' title="bbox 68 2924 1235 4629">
    <p class='ocr_par' dir='ltr' id='par_1_4' title="bbox 68 2924 1232 3955">
     <span class='ocr_line' id='line_1_26' title="bbox 68 2924 1188 3014; baseline 0.002 -20"><span class='ocrx_word' id='word_1_213' title='bbox 68 2927 232 3007; x_wconf 84' lang='lat' dir='ltr'>babuerit,</span> <span class='ocrx_word' id='word_1_214' title='bbox 266 2948 336 2993; x_wconf 92' lang='lat' dir='ltr'>eam</span> <span class='ocrx_word' id='word_1_215' title='bbox 363 2926 556 3014; x_wconf 84' lang='lat' dir='ltr'>potissimam</span> <span class='ocrx_word' id='word_1_216' title='bbox 584 2924 639 2990; x_wconf 89' lang='lat' dir='ltr'>reli</span> <span class='ocrx_word' id='word_1_217' title='bbox 665 2925 744 2990; x_wconf 82' lang='lat' dir='ltr'>&#39;onrs</span> <span class='ocrx_word' id='word_1_218' title='bbox 772 2924 865 2991; x_wconf 81' lang='lat' dir='ltr'>dcem</span> <span class='ocrx_word' id='word_1_219' title='bbox 888 2926 1020 2995; x_wconf 80' lang='lat' dir='ltr'>dicimm</span> <span class='ocrx_word' id='word_1_220' title='bbox 1041 2929 1081 2994; x_wconf 88' lang='lat' dir='ltr'>ha</span> <span class='ocrx_word' id='word_1_221' title='bbox 1105 2944 1188 3009; x_wconf 74' lang='lat' dir='ltr'>itam,</span> 
     </span>
     <span class='ocr_line' id='line_1_27' title="bbox 68 3009 1189 3094; baseline 0.002 -15"><span class='ocrx_word' id='word_1_222' title='bbox 68 3011 153 3079; x_wconf 86' lang='lat' dir='ltr'>Nam</span> <span class='ocrx_word' id='word_1_223' title='bbox 177 3023 211 3079; x_wconf 92' lang='lat' dir='ltr'>et</span> <span class='ocrx_word' id='word_1_224' title='bbox 230 3010 327 3078; x_wconf 85' lang='lat' dir='ltr'>sinai</span> <span class='ocrx_word' id='word_1_225' title='bbox 355 3033 394 3076; x_wconf 91' lang='lat' dir='ltr'>ne</span> <span class='ocrx_word' id='word_1_226' title='bbox 417 3010 550 3084; x_wconf 90' lang='lat' dir='ltr'>nullum,</span> <span class='ocrx_word' id='word_1_227' title='bbox 584 3020 619 3076; x_wconf 91' lang='lat' dir='ltr'>ut</span> <span class='ocrx_word' id='word_1_228' title='bbox 692 3009 773 3090; x_wconf 87' lang='lat' dir='ltr'>itur,</span> <span class='ocrx_word' id='word_1_229' title='bbox 807 3020 876 3078; x_wconf 84' lang='lat' dir='ltr'>erat</span> <span class='ocrx_word' id='word_1_230' title='bbox 893 3013 1101 3094; x_wconf 84' lang='lat' dir='ltr'>sacrificium,</span> <span class='ocrx_word' id='word_1_231' title='bbox 1128 3038 1189 3081; x_wconf 91' lang='lat' dir='ltr'>nec</span> 
     </span>
     <span class='ocr_line' id='line_1_28' title="bbox 68 3030 692 3182; baseline -0.006 -18"><span class='ocrx_word' id='word_1_232' title='bbox 68 3098 138 3165; x_wconf 81' lang='lat' dir='ltr'>aine</span> <span class='ocrx_word' id='word_1_233' title='bbox 158 3119 201 3164; x_wconf 87' lang='lat' dir='ltr'>ec</span> <span class='ocrx_word' id='word_1_234' title='bbox 221 3096 284 3162; x_wconf 89' lang='lat' dir='ltr'>ulla</span> <span class='ocrx_word' id='word_1_235' title='bbox 305 3033 469 3164; x_wconf 59' lang='lat' dir='ltr'>edebatur</span> <span class='ocrx_word' id='word_1_236' title='bbox 498 3093 620 3182; x_wconf 80' lang='lat' dir='ltr'>religio.</span> <span class='ocrx_word' id='word_1_237' title='bbox 649 3030 692 3160; x_wconf 45' lang='lat' dir='ltr'>‘ll</span> 
     </span>
     <span class='ocr_line' id='line_1_29' title="bbox 69 3179 1184 3251; baseline 0.003 -4"><span class='ocrx_word' id='word_1_238' title='bbox 69 3184 214 3249; x_wconf 86' lang='lat' dir='ltr'>omnibus</span> <span class='ocrx_word' id='word_1_239' title='bbox 254 3181 416 3249; x_wconf 84' lang='lat' dir='ltr'>sacrificiis</span> <span class='ocrx_word' id='word_1_240' title='bbox 461 3180 674 3247; x_wconf 81' lang='lat' dir='ltr'>invocabatur.</span> <span class='ocrx_word' id='word_1_241' title='bbox 738 3179 826 3246; x_wconf 87' lang='lat' dir='ltr'>Hine</span> <span class='ocrx_word' id='word_1_242' title='bbox 862 3193 895 3250; x_wconf 91' lang='lat' dir='ltr'>et</span> <span class='ocrx_word' id='word_1_243' title='bbox 931 3182 1022 3249; x_wconf 88' lang='lat' dir='ltr'>sutim</span> <span class='ocrx_word' id='word_1_244' title='bbox 1062 3196 1184 3251; x_wconf 80' lang='lat' dir='ltr'>veteres</span> 
     </span>
     <span class='ocr_line' id='line_1_30' title="bbox 69 3262 1231 3414; baseline 0.003 -80"><span class='ocrx_word' id='word_1_245' title='bbox 69 3266 329 3372; x_wconf 39' lang='lat' dir='ltr'>ejus-ministerio</span> <span class='ocrx_word' id='word_1_246' title='bbox 347 3285 422 3333; x_wconf 89' lang='lat' dir='ltr'>reor</span> <span class='ocrx_word' id='word_1_247' title='bbox 436 3263 699 3414; x_wconf 73' lang='lat' dir='ltr'>addixispedldst</span> <span class='ocrx_word' id='word_1_248' title='bbox 714 3278 821 3332; x_wconf 88' lang='lat' dir='ltr'>autem</span> <span class='ocrx_word' id='word_1_249' title='bbox 840 3262 932 3350; x_wconf 72' lang='lat' dir='ltr'>sutis</span> <span class='ocrx_word' id='word_1_250' title='bbox 947 3290 1001 3369; x_wconf 65' lang='lat' dir='ltr'>ras</span> <span class='ocrx_word' id='word_1_251' title='bbox 1016 3267 1231 3372; x_wconf 76' lang='lat' dir='ltr'>quoddamse</span> 
     </span>
     <span class='ocr_line' id='line_1_31' title="bbox 68 3352 1191 3535; baseline -0.002 -28"><span class='ocrx_word' id='word_1_252' title='bbox 68 3353 347 3507; x_wconf 43' lang='lat' dir='ltr'>bilbilis</span> <span class='ocrx_word' id='word_1_253' title='bbox 363 3352 548 3504; x_wconf 53' lang='lat' dir='ltr'>&#39;illeille</span> <span class='ocrx_word' id='word_1_254' title='bbox 570 3355 1191 3535; x_wconf 54' lang='lat' dir='ltr'>”tulitinlttsltt&#39;ttlta</span> 
     </span>
     <span class='ocr_line' id='line_1_32' title="bbox 69 3458 1190 3610; baseline -0.001 -19"><span class='ocrx_word' id='word_1_255' title='bbox 69 3524 156 3591; x_wconf 80' lang='lat' dir='ltr'>bnmi</span> <span class='ocrx_word' id='word_1_256' title='bbox 177 3544 241 3588; x_wconf 91' lang='lat' dir='ltr'>non</span> <span class='ocrx_word' id='word_1_257' title='bbox 265 3521 496 3610; x_wconf 84' lang='lat' dir='ltr'>deponebatur.</span> <span class='ocrx_word' id='word_1_258' title='bbox 534 3458 675 3594; x_wconf 77' lang='lat' dir='ltr'>Quodn</span> <span class='ocrx_word' id='word_1_259' title='bbox 692 3520 802 3600; x_wconf 86' lang='lat' dir='ltr'>lieret,</span> <span class='ocrx_word' id='word_1_260' title='bbox 821 3520 979 3607; x_wconf 87' lang='lat' dir='ltr'>piaculum</span> <span class='ocrx_word' id='word_1_261' title='bbox 999 3534 1076 3589; x_wconf 80' lang='lat' dir='ltr'>erat.</span> <span class='ocrx_word' id='word_1_262' title='bbox 1111 3523 1190 3590; x_wconf 88' lang='lat' dir='ltr'>Ideo</span> 
     </span>
     <span class='ocr_line' id='line_1_33' title="bbox 70 3604 1190 3708; baseline -0.002 -32"><span class='ocrx_word' id='word_1_263' title='bbox 70 3608 286 3696; x_wconf 78' lang='lat' dir='ltr'>excogitatum</span> <span class='ocrx_word' id='word_1_264' title='bbox 315 3631 368 3674; x_wconf 85' lang='lat' dir='ltr'>ras</span> <span class='ocrx_word' id='word_1_265' title='bbox 391 3618 456 3681; x_wconf 89' lang='lat' dir='ltr'>est,</span> <span class='ocrx_word' id='word_1_266' title='bbox 492 3604 577 3708; x_wconf 78' lang='lat' dir='ltr'>quod</span> <span class='ocrx_word' id='word_1_267' title='bbox 606 3617 692 3672; x_wconf 87' lang='lat' dir='ltr'>stare</span> <span class='ocrx_word' id='word_1_268' title='bbox 720 3626 782 3669; x_wconf 90' lang='lat' dir='ltr'>non</span> <span class='ocrx_word' id='word_1_269' title='bbox 810 3619 934 3693; x_wconf 88' lang='lat' dir='ltr'>posset,</span> <span class='ocrx_word' id='word_1_270' title='bbox 967 3606 1026 3672; x_wconf 90' lang='lat' dir='ltr'>sed</span> <span class='ocrx_word' id='word_1_271' title='bbox 1054 3608 1190 3695; x_wconf 83' lang='lat' dir='ltr'>positum</span> 
     </span>
     <span class='ocr_line' id='line_1_34' title="bbox 71 3687 1232 3783; baseline 0.002 -24"><span class='ocrx_word' id='word_1_272' title='bbox 71 3695 194 3772; x_wconf 69' lang='lat' dir='ltr'>subm,</span> <span class='ocrx_word' id='word_1_273' title='bbox 241 3689 390 3783; x_wconf 64' lang='lat' dir='ltr'>quicquid</span> <span class='ocrx_word' id='word_1_274' title='bbox 425 3692 646 3766; x_wconf 87' lang='lat' dir='ltr'>conunuisset,</span> <span class='ocrx_word' id='word_1_275' title='bbox 687 3687 880 3769; x_wconf 59' lang='lat' dir='ltr'>effunderem</span> <span class='ocrx_word' id='word_1_276' title='bbox 932 3704 964 3758; x_wconf 89' lang='lat' dir='ltr'>et</span> <span class='ocrx_word' id='word_1_277' title='bbox 995 3693 1115 3779; x_wconf 89' lang='lat' dir='ltr'>ipsum,</span> <span class='ocrx_word' id='word_1_278' title='bbox 1153 3710 1232 3769; x_wconf 75' lang='lat' dir='ltr'>utos</span> 
     </span>
     <span class='ocr_line' id='line_1_35' title="bbox 70 3775 1191 3861; baseline 0 -13"><span class='ocrx_word' id='word_1_279' title='bbox 70 3781 234 3859; x_wconf 81' lang='lat' dir='ltr'>existimo,</span> <span class='ocrx_word' id='word_1_280' title='bbox 263 3778 288 3844; x_wconf 83' lang='lat' dir='ltr'>s‘</span> <span class='ocrx_word' id='word_1_281' title='bbox 316 3778 460 3843; x_wconf 86' lang='lat' dir='ltr'>uilicans:</span> <span class='ocrx_word' id='word_1_282' title='bbox 492 3775 574 3842; x_wconf 84' lang='lat' dir='ltr'>sicut</span> <span class='ocrx_word' id='word_1_283' title='bbox 594 3798 613 3841; x_wconf 92' lang='lat' dir='ltr'>a</span> <span class='ocrx_word' id='word_1_284' title='bbox 637 3795 730 3840; x_wconf 91' lang='lat' dir='ltr'>manu</span> <span class='ocrx_word' id='word_1_285' title='bbox 749 3796 811 3839; x_wconf 92' lang='lat' dir='ltr'>non</span> <span class='ocrx_word' id='word_1_286' title='bbox 837 3776 1072 3861; x_wconf 84' lang='lat' dir='ltr'>remittebatur,</span> <span class='ocrx_word' id='word_1_287' title='bbox 1106 3781 1191 3848; x_wconf 85' lang='lat' dir='ltr'>itae</span> 
     </span>
     <span class='ocr_line' id='line_1_36' title="bbox 70 3857 805 3955; baseline -0.01 -23"><span class='ocrx_word' id='word_1_288' title='bbox 70 3866 228 3955; x_wconf 78' lang='lat' dir='ltr'>religione</span> <span class='ocrx_word' id='word_1_289' title='bbox 249 3884 267 3926; x_wconf 93' lang='lat' dir='ltr'>n</span> <span class='ocrx_word' id='word_1_290' title='bbox 310 3885 329 3926; x_wconf 96' lang='lat' dir='ltr'>o</span> <span class='ocrx_word' id='word_1_291' title='bbox 351 3874 494 3948; x_wconf 83' lang='lat' dir='ltr'>tempore</span> <span class='ocrx_word' id='word_1_292' title='bbox 515 3884 587 3926; x_wconf 90' lang='lat' dir='ltr'>esse</span> <span class='ocrx_word' id='word_1_293' title='bbox 608 3857 805 3926; x_wconf 84' lang='lat' dir='ltr'>cessandum.</span> 
     </span>
    </p>

    <p class='ocr_par' dir='ltr' id='par_1_5' title="bbox 69 3943 1235 4629">
     <span class='ocr_line' id='line_1_37' title="bbox 155 3943 1193 4027; baseline -0.001 -11"><span class='ocrx_word' id='word_1_294' title='bbox 155 3953 187 4016; x_wconf 86' lang='grc'>6.</span> <span class='ocrx_word' id='word_1_295' title='bbox 228 3948 374 4014; x_wconf 80' lang='lat' dir='ltr'>Eandem</span> <span class='ocrx_word' id='word_1_296' title='bbox 403 3960 508 4013; x_wconf 90' lang='lat' dir='ltr'>tamen</span> <span class='ocrx_word' id='word_1_297' title='bbox 530 3946 656 4011; x_wconf 86' lang='lat' dir='ltr'>Vestam</span> <span class='ocrx_word' id='word_1_298' title='bbox 678 3943 811 4011; x_wconf 82' lang='lat' dir='ltr'>Ovidius</span> <span class='ocrx_word' id='word_1_299' title='bbox 840 3943 950 4012; x_wconf 91' lang='lat' dir='ltr'>sicuti</span> <span class='ocrx_word' id='word_1_300' title='bbox 979 3967 1066 4027; x_wconf 89' lang='lat' dir='ltr'>nem,</span> <span class='ocrx_word' id='word_1_301' title='bbox 1098 3948 1193 4015; x_wconf 91' lang='lat' dir='ltr'>itaet</span> 
     </span>
     <span class='ocr_line' id='line_1_38' title="bbox 69 3967 1190 4121; baseline -0.004 -19"><span class='ocrx_word' id='word_1_302' title='bbox 69 4048 188 4104; x_wconf 66' lang='lat' dir='ltr'>mam</span> <span class='ocrx_word' id='word_1_303' title='bbox 206 4032 351 4120; x_wconf 77' lang='lat' dir='ltr'>relinquit</span> <span class='ocrx_word' id='word_1_304' title='bbox 369 4029 516 4118; x_wconf 78' lang='lat' dir='ltr'>intelligi3</span> <span class='ocrx_word' id='word_1_305' title='bbox 538 4027 622 4095; x_wconf 90' lang='lat' dir='ltr'>unde</span> <span class='ocrx_word' id='word_1_306' title='bbox 643 4041 677 4097; x_wconf 90' lang='lat' dir='ltr'>et</span> <span class='ocrx_word' id='word_1_307' title='bbox 690 4029 838 4117; x_wconf 90' lang='lat' dir='ltr'>templum</span> <span class='ocrx_word' id='word_1_308' title='bbox 857 4029 887 4095; x_wconf 93' lang='lat' dir='ltr'>ei</span> <span class='ocrx_word' id='word_1_309' title='bbox 901 4040 934 4095; x_wconf 93' lang='lat' dir='ltr'>et</span> <span class='ocrx_word' id='word_1_310' title='bbox 951 3967 1069 4098; x_wconf 64' lang='lat' dir='ltr'>drotum</span> <span class='ocrx_word' id='word_1_311' title='bbox 1084 4033 1190 4121; x_wconf 86' lang='lat' dir='ltr'>templi</span> 
     </span>
     <span class='ocr_line' id='line_1_39' title="bbox 70 4110 1234 4205; baseline -0.004 -17"><span class='ocrx_word' id='word_1_312' title='bbox 70 4119 113 4189; x_wconf 79' lang='lat' dir='ltr'>ad</span> <span class='ocrx_word' id='word_1_313' title='bbox 132 4116 363 4186; x_wconf 88' lang='lat' dir='ltr'>similitudinem</span> <span class='ocrx_word' id='word_1_314' title='bbox 393 4127 498 4182; x_wconf 89' lang='lat' dir='ltr'>terrae</span> <span class='ocrx_word' id='word_1_315' title='bbox 525 4113 661 4182; x_wconf 89' lang='lat' dir='ltr'>rotunda</span> <span class='ocrx_word' id='word_1_316' title='bbox 691 4112 767 4181; x_wconf 89' lang='lat' dir='ltr'>dicit</span> <span class='ocrx_word' id='word_1_317' title='bbox 792 4114 934 4193; x_wconf 74' lang='lat' dir='ltr'>attribui,</span> <span class='ocrx_word' id='word_1_318' title='bbox 969 4110 1068 4205; x_wconf 83' lang='lat' dir='ltr'>idque</span> <span class='ocrx_word' id='word_1_319' title='bbox 1096 4119 1234 4191; x_wconf 65' lang='lat' dir='ltr'>etiamen</span> 
     </span>
     <span class='ocr_line' id='line_1_40' title="bbox 71 4200 1191 4306; baseline 0.001 -36"><span class='ocrx_word' id='word_1_320' title='bbox 71 4226 129 4296; x_wconf 83' lang='lat' dir='ltr'>per</span> <span class='ocrx_word' id='word_1_321' title='bbox 149 4202 283 4306; x_wconf 75' lang='lat' dir='ltr'>nominis</span> <span class='ocrx_word' id='word_1_322' title='bbox 305 4200 530 4292; x_wconf 78' lang='lat' dir='ltr'>etymologiam</span> <span class='ocrx_word' id='word_1_323' title='bbox 548 4201 711 4265; x_wconf 79' lang='lat' dir='ltr'>evidenter</span> <span class='ocrx_word' id='word_1_324' title='bbox 753 4200 866 4266; x_wconf 87' lang='lat' dir='ltr'>rebare</span> <span class='ocrx_word' id='word_1_325' title='bbox 887 4211 1038 4304; x_wconf 76' lang='lat' dir='ltr'>conatur,</span> <span class='ocrx_word' id='word_1_326' title='bbox 1074 4214 1191 4271; x_wconf 83' lang='lat' dir='ltr'>terram</span> 
     </span>
     <span class='ocr_line' id='line_1_41' title="bbox 71 4285 1191 4441; baseline -0.002 0"><span class='ocrx_word' id='word_1_327' title='bbox 71 4285 1191 4441; x_wconf 47' lang='lat' dir='ltr'>uupaupgerpsppppppsng‹stp&#39;t&#39;apuppteppppssiosnogamppppt&#39;pp&#39;ppiamsatpp</span> 
     </span>
     <span class='ocr_line' id='line_1_42' title="bbox 70 4398 1190 4556; baseline -0.003 -29"><span class='ocrx_word' id='word_1_328' title='bbox 70 4398 187 4529; x_wconf 54' lang='lat' dir='ltr'>atum</span> <span class='ocrx_word' id='word_1_329' title='bbox 209 4458 259 4524; x_wconf 80' lang='lat' dir='ltr'>sit.</span> <span class='ocrx_word' id='word_1_330' title='bbox 301 4457 375 4522; x_wconf 88' lang='lat' dir='ltr'>Hac</span> <span class='ocrx_word' id='word_1_331' title='bbox 397 4455 489 4522; x_wconf 87' lang='lat' dir='ltr'>etiam</span> <span class='ocrx_word' id='word_1_332' title='bbox 511 4453 553 4519; x_wconf 89' lang='lat' dir='ltr'>de</span> <span class='ocrx_word' id='word_1_333' title='bbox 575 4477 672 4523; x_wconf 87' lang='lat' dir='ltr'>causa</span> <span class='ocrx_word' id='word_1_334' title='bbox 688 4454 816 4549; x_wconf 84' lang='lat' dir='ltr'>Vestam</span> <span class='ocrx_word' id='word_1_335' title='bbox 838 4467 870 4521; x_wconf 92' lang='lat' dir='ltr'>et</span> <span class='ocrx_word' id='word_1_336' title='bbox 884 4456 1035 4556; x_wconf 73' lang='lat' dir='ltr'>cybelem</span> <span class='ocrx_word' id='word_1_337' title='bbox 1058 4459 1190 4524; x_wconf 90' lang='lat' dir='ltr'>eandem</span> 
     </span>
     <span class='ocr_line' id='line_1_43' title="bbox 72 4537 1235 4629; baseline 0.005 -20"><span class='ocrx_word' id='word_1_338' title='bbox 72 4544 169 4612; x_wconf 79' lang='lat' dir='ltr'>luisse</span> <span class='ocrx_word' id='word_1_339' title='bbox 190 4564 254 4609; x_wconf 92' lang='lat' dir='ltr'>nou</span> <span class='ocrx_word' id='word_1_340' title='bbox 275 4541 367 4629; x_wconf 88' lang='lat' dir='ltr'>pauci</span> <span class='ocrx_word' id='word_1_341' title='bbox 386 4538 590 4609; x_wconf 82' lang='lat' dir='ltr'>contendunt</span> <span class='ocrx_word' id='word_1_342' title='bbox 639 4537 823 4607; x_wconf 88' lang='lat' dir='ltr'>Secundum</span> <span class='ocrx_word' id='word_1_343' title='bbox 844 4539 981 4607; x_wconf 74' lang='lat' dir='ltr'>&#39;l&#39;ulltum</span> <span class='ocrx_word' id='word_1_344' title='bbox 1002 4552 1106 4610; x_wconf 90' lang='lat' dir='ltr'>tamen</span> <span class='ocrx_word' id='word_1_345' title='bbox 1129 4545 1235 4614; x_wconf 76' lang='lat' dir='ltr'>Vets</span> 
     </span>
    </p>
   </div>
   <div class='ocr_carea' id='block_1_5' title="bbox 73 4623 1191 4717">
    <p class='ocr_par' dir='ltr' id='par_1_6' title="bbox 73 4623 1191 4717">
     <span class='ocr_line' id='line_1_44' title="bbox 73 4623 1191 4717; baseline -0.004 -18"><span class='ocrx_word' id='word_1_346' title='bbox 73 4645 142 4699; x_wconf 79' lang='lat' dir='ltr'>stae</span> <span class='ocrx_word' id='word_1_347' title='bbox 168 4647 285 4697; x_wconf 85' lang='lat' dir='ltr'>netueu</span> <span class='ocrx_word' id='word_1_348' title='bbox 312 4626 487 4695; x_wconf 83' lang='lat' dir='ltr'>aGraccis</span> <span class='ocrx_word' id='word_1_349' title='bbox 511 4636 568 4694; x_wconf 82' lang='lat' dir='ltr'>est.</span> <span class='ocrx_word' id='word_1_350' title='bbox 620 4623 672 4692; x_wconf 86' lang='lat' dir='ltr'>Ea</span> <span class='ocrx_word' id='word_1_351' title='bbox 698 4624 799 4707; x_wconf 87' lang='lat' dir='ltr'>euim,</span> <span class='ocrx_word' id='word_1_352' title='bbox 842 4624 956 4712; x_wconf 86' lang='lat' dir='ltr'>inquit,</span> <span class='ocrx_word' id='word_1_353' title='bbox 994 4639 1059 4709; x_wconf 85' lang='lat' dir='ltr'>est,</span> <span class='ocrx_word' id='word_1_354' title='bbox 1107 4651 1191 4717; x_wconf 86' lang='lat' dir='ltr'>quae</span> 
     </span>
    </p>
   </div>
   <div class='ocr_carea' id='block_1_6' title="bbox 694 3092 1189 3184">
    <p class='ocr_par' dir='ltr' id='par_1_7' title="bbox 694 3092 1189 3184">
     <span class='ocr_line' id='line_1_45' title="bbox 694 3092 1189 3184; baseline 0.014 -26"><span class='ocrx_word' id='word_1_355' title='bbox 694 3092 757 3159; x_wconf 92' lang='lat' dir='ltr'>nde</span> <span class='ocrx_word' id='word_1_356' title='bbox 779 3104 813 3162; x_wconf 91' lang='lat' dir='ltr'>et</span> <span class='ocrx_word' id='word_1_357' title='bbox 832 3096 926 3184; x_wconf 71' lang='lat' dir='ltr'>ipsa,</span> <span class='ocrx_word' id='word_1_358' title='bbox 949 3111 985 3166; x_wconf 89' lang='lat' dir='ltr'>ut</span> <span class='ocrx_word' id='word_1_359' title='bbox 1004 3097 1120 3176; x_wconf 86' lang='lat' dir='ltr'>Janus,</span> <span class='ocrx_word' id='word_1_360' title='bbox 1157 3101 1189 3165; x_wconf 91' lang='lat' dir='ltr'>in</span> 
     </span>
    </p>
   </div>
   <div class='ocr_carea' id='block_1_7' title="bbox 0 0 1334 5130">
    <p class='ocr_par' dir='ltr' id='par_1_8' title="bbox 0 0 1334 5130">
     <span class='ocr_line' id='line_1_46' title="bbox 0 0 1334 5130; baseline 0 0"><span class='ocrx_word' id='word_1_361' title='bbox 0 0 1334 5130; x_wconf 95' lang='lat' dir='ltr'> </span> 
     </span>
    </p>
   </div>
  </div>
 </body>
</html>
