2640 5130
128 661 208 738 150
423 664 603 765 Mythegr.
630 661 681 735 Π.
735 659 814 735 127
832 657 988 734 -130

129 857 163 913 et
190 847 325 934 pecunia
350 828 417 913 tim
447 854 520 908 ante
549 864 586 907 ae
616 852 796 920 numerata,
826 839 903 907 dixit
931 863 1049 928 aegro:
1088 843 1160 907 aiei
1189 854 1251 906 tau

128 932 320 1004 curtadiam
347 926 588 1004 ethildritae,
609 923 712 1012 sume
735 948 783 988 aa
803 923 917 990 morbo
936 949 1068 1014 pereas.
1109 926 1250 993 maevi.

129 1013 249 1101 guam,
280 1013 357 1103 quir
375 1010 494 1078 toltit?
527 1007 587 1090 ait,
622 1007 812 1078 etraataatm
833 1022 891 1078 eut.

330 1195 428 1274 227.
481 1197 732 1283 Columbae
767 1197 1049 1275 Dodonaeae.

105 1334 123 1383 ⁶
214 1326 353 1396 Dodona
380 1325 488 1393 ciritae
517 1341 567 1394 eat
592 1327 700 1415 Epiri,
728 1326 820 1417 juxta
848 1349 941 1415 quam
971 1339 1020 1394 est
1051 1326 1141 1402 silva,
1171 1348 1254 1412 quae

130 1413 226 1483 etiam
257 1409 397 1479 Dodona
431 1408 565 1493 dieitur,
597 1410 762 1480 abundum
833 1412 982 1491 aedibus,
1017 1412 1129 1498 quibua
1163 1411 1253 1497 primi

129 1501 212 1588 pam
239 1496 387 1564 dicuutur
416 1494 566 1564 hominen.
626 1497 772 1588 Juppitar
797 1409 860 1564 iio
887 1494 984 1565 dabat
1015 1517 1168 1584 responsa
1196 1517 1255 1583 per

130 1583 293 1653 palumbae
312 1602 434 1650 aereae.

402 1742 499 1822 228.
551 1747 699 1820 Laeua
739 1745 983 1822 Lucrinus.
1062 1769 1070 1799 -2
1161 1748 1164 1753 ’

94 1885 128 1935 ιο
218 1873 255 1942 ln
285 1873 408 1965 Bajano
439 1874 509 1940 aiau
537 1888 647 1939 contra
679 1873 833 1940 civitatem
864 1875 1057 1962 Campaniae
1077 1874 1172 1962 Bajas
1194 1872 1258 1938 duo

132 1969 208 2028 aunt
233 1958 337 2037 lacus,
366 1962 508 2026 Avernus
538 1971 572 2025 et
600 1958 773 2038 Lucrinus,
807 1958 860 2047 qui
889 1960 960 2025 olim
987 1972 1117 2048 propter
1137 1960 1259 2046 copiam

133 2044 268 2135 piaeium
296 2043 449 2111 Romania
476 2045 679 2133 praestabant
706 2042 880 2130 vectigalia
922 2045 990 2111 Sed
1010 2067 1106 2132 quum
1127 2044 1261 2132 pierum-

122 2131 199 2281 ¹pue
226 2151 315 2199 mare
340 2129 520 2217 irrumpens
549 2128 652 2217 pisces
672 2126 747 2193 inde
773 2126 974 2202 excluderet.
1003 2143 1037 2197 et
1065 2128 1261 2196 redemtores

161 2237 252 2282 amna
272 2224 473 2314 paterentur,
501 2213 759 2364 suppiiuaverunt
781 2212 915 2292 penatui.
955 2215 1001 2283 Et
1017 2216 1184 2318 profectus
1205 2215 1263 2315 {u-

98 2301 197 2367 tuliua
219 2302 342 2367 Caesar
359 2299 463 2364 ductis
486 2299 563 2364 brae
585 2321 621 2364 aa
643 2297 776 2371 exclusit
799 2310 920 2385 partem
949 2322 1061 2379 mama,
1093 2323 1187 2386 quam
1216 2322 1263 2362 m-

140 2386 251 2451 sastam
269 2395 466 2473 compererat
481 2406 560 2468 esse,
581 2384 731 2470 liquitque
749 2384 845 2448 breve
865 2385 1000 2470 spatium
1023 2408 1081 2472 per
1097 2390 1262 2461 Avernum,

138 2491 201 2558 quo
225 2470 354 2558 piscium
374 2470 464 2556 copia
485 2469 602 2536 intrare
625 2480 740 2556 posset.
772 2466 869 2544 Quod
889 2491 971 2558 opus
991 2469 1126 2535 Jatiam
1144 2469 1264 2535 dietum

142 2568 199 2621 esi·

364 2694 460 2770 229.
515 2697 668 2773 Vanus
701 2711 744 2774 et
778 2700 1034 2777 Diomedes.

98 2831 136 2880 ²⁰
226 2825 331 2900 Quum
360 2833 467 2891 essent
492 2824 612 2890 Graeci
641 2825 672 2891 iu
696 2823 860 2890 obsidione
880 2826 1016 2912 Troiae,
1048 2829 1197 2915 contigit,
1231 2841 1268 2897 ut

143 2912 235 2982 flaret
253 2911 362 3061 p'uglpa
382 2909 463 2976 inter
483 2908 671 2976 Diomedem
692 2921 725 2976 et
745 2919 900 2988 Aeneam:
922 2935 1081 3000 quumque
1102 2915 1154 2980 diu
1177 2915 1268 2979 dimi-

144 3008 285 3074 cassent,
342 2992 483 3060 iomedes
504 2997 642 3062 Aeneam
663 2996 818 3084 percussit
838 2996 958 3083 ingenti
979 3021 1055 3064 aare
1078 3012 1110 3066 et
1128 3014 1268 3091 prostra-

144 3083 195 3148 vit.
238 3079 333 3156 Quod
365 3078 472 3146 videns
500 3079 629 3160 Venus,
661 3093 761 3148 mater
780 3080 866 3170 ejus,
894 3083 977 3145 nube
1002 3083 1102 3174 ipsum
1125 3087 1269 3174 protexit.

143 3165 201 3234 Ine
229 3187 304 3232 vero
330 3166 507 3251 irrumpens
535 3165 567 3230 in
596 3164 729 3246 nubem,
761 3165 919 3231 Venerem
944 3165 1122 3235 vulneravit
1176 3168 1270 3235 Unde

104 3252 214 3352 tuipsa
241 3261 313 3339 poet
341 3248 462 3338 'l'rojaa
489 3248 724 3317 destructuram
750 3272 824 3318 eum
846 3273 919 3319 cum
939 3252 1003 3319 auis
1023 3255 1117 3321 sotiis
1140 3254 1171 3320 iu
1194 3258 1271 3325 mari

118 3345 121 3352 '
148 3338 309 3425 turpavit,
338 3346 371 3404 et
391 3334 494 3403 sauia·
514 3335 606 3404 vertit
624 3335 657 3403 ia
679 3358 762 3403 area.

512 3517 609 3596 230.
662 3520 901 3620 Oedipus.

235 3646 350 3737 Lajua,
372 3668 429 3714 rex
448 3646 651 3725 Thebarum,
672 3647 781 3714 habuit
802 3670 941 3725 uxorem,
964 3646 1088 3712 nomine
1105 3645 1273 3720 locustam,

152 3731 205 3800 cui
228 3731 407 3821 praecepit,
435 3743 472 3800 at
499 3755 608 3799 omnes
632 3731 710 3799 filios
740 3754 779 3796 ex
802 3757 838 3798 ae
858 3734 984 3821 genitus
1014 3746 1149 3797 necaret.
1192 3730 1275 3795 Nam

111 3814 314 3892 auaudierat,
336 3816 475 3885 aliberia
495 3817 560 3884 suis
581 3840 617 3883 aa
639 3813 857 3884 occidendum.
898 3817 954 3883 lna
976 3817 1116 3904 pariens,
1143 3837 1276 3901 puerum

177 3903 266 3968 tantis
293 3904 486 3991 perforatum
515 3903 545 3967 in
573 3902 677 3968 silvam
708 3900 824 3967 deserui
850 3902 952 3989 jussit
994 3902 1030 3967 In
1060 3899 1170 3966 eadem
1200 3902 1277 3965 silva

154 3927 314 4077 i’oiybum
336 4011 391 4054 rex
413 3987 582 4065 Phocidis,
606 3988 768 4053 venatione
790 4001 857 4055 arat
879 3989 1062 4073 occupatus,
1085 4001 1117 4050 et
1136 3986 1278 4069 vagitum

155 4072 244 4160 pueri
270 4072 417 4151 audiena,
446 4091 520 4137 aum
545 4074 651 4140 afferri
670 4074 808 4161 jubens,
840 4084 997 4159 tamquam
1027 4094 1117 4136 auum
1141 4072 1277 4150 nutrivit,

156 4157 379 4245 Oedipumque
412 4159 542 4223 vocavit.
599 4158 661 4223 eui
693 4155 766 4221 dum
799 4159 1042 4245 improperatum
1076 4158 1205 4229 suisset,
1242 4179 1279 4221 se

113 4265 259 4331 35genus
280 4267 372 4311 tuum
391 4243 558 4345 ignorare,
577 4241 631 4309 ivit
652 4240 692 4307 ad
714 4243 880 4330 templum,
903 4256 938 4310 ut
959 4254 1134 4330 quaereret
1177 4241 1279 4306 Dum-

156 4350 218 4416 que
238 4330 315 4409 iret,
341 4329 477 4398 obruerit
497 4328 537 4393 iili
560 4338 651 4414 pater
672 4328 834 4416 decrepita
852 4341 965 4395 aetate.
1009 4328 1112 4401 Quem
1137 4338 1171 4391 ut
1192 4326 1280 4404 vidit,

155 4414 306 4500 ignorans
342 4437 414 4482 erae
444 4425 585 4502 patrem,
615 4412 749 4493 occidit,
790 4426 823 4480 et
855 4435 956 4498 regnu
990 4414 1166 4497 ueterisque
1190 4412 1280 4476 bonis

155 4521 233 4565 usus
263 4512 320 4572 eat,
362 4497 443 4567 Inda
462 4496 742 4586 proeadenavanit
769 4496 811 4564 ad
830 4512 979 4571 muntem,
1000 4497 1054 4563 ubi
1075 4510 1144 4562 erut
1159 4497 1280 4582 Sphinx

157 4595 348 4667 monstrum,
368 4584 514 4652 omnibus
536 4584 807 4671 praetereuntibus
830 4582 893 4649 hoe
915 4583 1062 4668 aenigma
1086 4604 1280 4668 proponens:

116 4669 243 4758 mquid
259 4672 374 4757 primo
389 4680 557 4758 quatuor,
576 4667 700 4735 deinde
720 4667 844 4748 tribur,
863 4667 986 4734 deinde
998 4665 1139 4746 duobus,
1159 4665 1284 4732 deinde
