2640 5130
123 564 203 642 ιιι
434 569 617 673 mynogi.
643 567 716 645 ui.
768 567 809 645 ι.
861 565 927 647 ιι.

124 752 208 820 Num
235 753 345 842 triplex
373 767 422 821 est
447 753 622 821 secundom
656 753 858 844 philosophos
887 754 1060 825 animarum
1089 758 1247 847 purgatio.

127 843 188 906 Αιι
222 841 305 905 enim
333 838 365 904 iu
394 853 479 907 terra
503 851 700 929 purgantur,
737 839 823 928 quod
856 838 1001 909 ridelioet
1031 843 1247 931 corporalibus

128 920 343 992 blandimentis
372 922 515 1006 deditae,
548 925 639 991 iari'u
672 925 796 993 inerant
824 924 970 1014 sordibus
997 949 1019 992 o
1042 948 1186 1016 pressae,
1214 926 1250 994 id

129 1009 228 1113 estin
248 1031 383 1112 purpura
398 1021 529 1110 ‘terrena
548 1021 728 1111 transeunt3
760 1021 793 1077 et
818 1009 916 1076 liae'
962 1011 974 1077 i
1036 1025 1151 1080 ιιιιιι·
1174 1032 1273 1102 pui-⁴

105 1105 549 1267 ⁵i'tltilt‘in”,'t¹nit⁰
569 1116 681 1246 titt
695 1107 938 1269 {illitu
955 1108 1146 1271 tw
1165 1120 1249 1248 :tt

129 1277 222 1331 saiint
249 1264 382 1329 marina.
418 1265 444 1330 si
470 1263 565 1353 paulo
592 1263 701 1331 melius
732 1265 880 1341 riserint:
912 1276 968 1337 aut
994 1280 1082 1334 uerte
1113 1266 1146 1333 iii
1175 1274 1249 1335 adra

129 1348 339 1427 irniiseundo,
368 1347 477 1416 idest
504 1351 589 1417 adria
617 1371 752 1438 oorpora
779 1348 999 1453 suscipiendo,
1025 1350 1052 1419 si
1072 1353 1149 1420 satis
1170 1353 1250 1418 liena

130 1433 268 1501 riserint
303 1433 398 1507 Quod
420 1455 499 1521 ergo
518 1435 550 1500 in
570 1434 674 1502 Statio
694 1434 788 1501 etiam
808 1432 952 1522 legimus,
973 1435 1028 1501 ulii
1048 1434 1090 1502 de
1107 1438 1249 1524 auguriis

93 1529 255 1585 iotmutat
297 1516 377 1584 lnde
405 1518 497 1585 etiam
525 1520 557 1586 in
587 1519 685 1586 sacris
710 1519 853 1586 omnibus
875 1531 940 1587 tres
959 1518 1039 1587 istas
1059 1544 1250 1611 compurga-

132 1603 232 1670 tinnas
260 1615 340 1670 suut
383 1602 466 1671 Nam
490 1610 546 1672 a'iit
565 1602 661 1670 taeda
682 1616 858 1692 purgantur
879 1604 927 1671 vel
946 1603 1113 1693 sulphure,
1143 1609 1249 1674 autin

131 1686 405 1775 nquaabluuntur,
427 1701 483 1755 aut
500 1690 532 1755 in
551 1695 627 1756 adra
646 1689 847 1768 ventilantur:
868 1687 954 1775 quod
975 1690 1006 1756 in
1023 1692 1123 1761 tauris
1142 1691 1250 1759 Liberi
1278 1712 1281 1719 ·

132 1772 230 1861 patris
251 1771 318 1839 lieri
339 1773 508 1840 consuerit
551 1773 646 1840 Unda
667 1785 733 1843 ost:
758 1810 802 1826 »-
828 1771 958 1863 tibique

216 1856 350 1924 Oscillu
369 1881 412 1922 ιι
432 1858 510 1923 ulta
529 1858 742 1947 aicspsiidunt
758 1857 878 1924 mollia
896 1857 995 1945 pinu.

93 1940 217 2017 ιιΝιιι
245 1952 278 2008 et
305 1942 368 2010 lios
396 1964 498 2030 genus
528 1957 598 2009 erat
618 1942 823 2031 purgationis.
863 1941 901 2008 ln
922 1941 999 2031 ipsis
1018 1938 1112 2015 aliani
1133 1962 1252 2031 porga·

134 2027 269 2096 tionibus
292 2027 408 2095 lionum
431 2029 485 2094 Vir
510 2027 578 2095 ‘lius
598 2041 727 2095 secutus
748 2038 798 2094 ιιι
822 2027 964 2094 ordinem
993 2026 1191 2107 meritorum,
1219 2038 1253 2094 ιι

134 2112 267 2201 primuni
287 2112 424 2194 asisium,
453 2114 483 2178 in
510 2133 667 2200 eaquae,
688 2123 762 2201 post
780 2111 863 2261 ignis
884 2111 1005 2180 diceret
1023 2112 1252 2199 purgationem.

134 2198 228 2287 Ajunt
259 2196 369 2276 etium,
399 2196 610 2276 eusanium,
636 2219 720 2284 quae
746 2218 795 2263 ιι
846 2194 992 2278 riserint,
1017 2196 1125 2263 statiua
1143 2194 1187 2263 ad
1206 2196 1253 2262 iu-

135 2282 387 2369 eoipurntionem
416 2280 536 2364 i·odiie;
575 2302 658 2370 quae
685 2279 810 2361 meins,
841 2280 981 2360 tardiusi
1014 2301 1097 2368 quae
1124 2279 1252 2368 opu'ma,

93 2377 208 2433 tonum
238 2367 411 2432 numinibus
440 2366 611 2435 diutissimo
640 2377 782 2465 tempora
805 2387 885 2432 esse.
927 2361 1022 2441 Quod
1042 2377 1149 2432 autam
1166 2363 1256 2433 addit

135 2451 301 2535 Virgilius:
341 2452 494 2538 Quisque
525 2474 603 2516 aiios
630 2461 792 2538 patimur
826 2473 962 2530 maneo,
1003 2449 1069 2516 sire
1103 2449 1283 2539 supplicia.

135 2537 219 2602 varia
246 2534 390 2618 relinquit
415 2534 561 2624 intelligi,
591 2557 674 2623 quae
700 2546 775 2602 sunt
801 2532 886 2623 apud
913 2556 1021 2600 manes
1084 2548 1119 2601 ut
1138 2536 1165 2603 si
1185 2535 1253 2622 quis

135 2619 235 2689 dicat:
263 2618 440 2706 justicium
456 2621 631 2706 patimur,
659 2615 693 2685 id
721 2630 772 2687 est
799 2641 838 2685 ea
861 2642 945 2708 quaa
964 2616 1047 2720 inoju
1071 2619 1079 2636 ⁸
1101 2618 1132 2685 'o
1155 2619 1257 2688 sonti·

136 2705 291 2805 nentur),
322 2703 388 2771 sira
421 2702 503 2772 aliud
537 2698 615 2791 quid
640 2704 733 2856 ium
765 2702 910 2771 Serrium
941 2726 1043 2770 verius
1072 2717 1131 2773 ast.
1170 2704 1255 2772 Nam

93 2807 251 2878 atquum,
281 2789 398 2875 inquit,
435 2787 609 2867 nascimur,
664 2811 721 2856 uos
740 2788 860 2855 Genios
887 2789 1053 2868 sortimur3
1086 2810 1166 2854 unus
1197 2799 1256 2870 ιιι,

135 2875 187 2963 qui
210 2870 252 2938 ad
274 2874 357 2939 bonu
379 2871 539 2954 hortatur,
560 2871 655 2953 alter,
679 2873 733 2962 qni
753 2873 905 2962 depravat
923 2872 965 2940 ad
986 2872 1075 2956 mala.
1117 2873 1190 2940 Neo
1209 2874 1256 2940 iu·

135 2978 280 3060 uongrue
307 2957 453 3024 dicuntur
473 2957 584 3037 Genii,
622 2959 695 3047 quia
722 2981 819 3047 quum
847 2958 916 3048 qais
944 2958 1103 3024 hominum
1128 2958 1256 3045 genitus

136 3043 241 3122 l'ueiit,
262 3042 291 3108 ai
311 3043 415 3109 statim
434 3042 653 3111 observatores
669 3043 877 3132 deputantur,
898 3043 1010 3131 quibus
1030 3043 1257 3124 assistentibus,

137 3140 209 3217 post
231 3141 364 3195 mortem
386 3140 440 3195 ant
460 3129 629 3195 asserimur
648 3130 680 3194 in
703 3131 795 3196 sitam
816 3127 997 3206 meliorem,
1023 3141 1080 3194 aut
1106 3128 1257 3195 oondein-

95 3235 249 3284 aonainur
269 3215 298 3282 in
322 3213 526 3292 deteriorem
555 3234 611 3300 par
631 3237 710 3317 quos
732 3225 786 3280 aut
807 3215 1016 3298 vagationem,
1034 3210 1068 3278 id
1083 3225 1132 3281 est
1147 3236 1258 3280 asuen-

135 3300 254 3364 sinnem
276 3296 317 3365 ad
337 3320 489 3386 superna,
510 3309 565 3365 aut
586 3298 720 3366 raditum
740 3320 918 3364 mereamur
935 3299 966 3364 in
989 3318 1132 3385 oorporu
1166 3298 1259 3386 Ergo

136 3407 244 3451 manes
265 3383 385 3450 Genios
407 3384 500 3463 dicit,
530 3406 610 3471 qnos
632 3406 703 3450 cuin
724 3384 785 3450 rita
806 3384 962 3451 sortimur.

221 3471 270 3535 19.
311 3466 402 3556 Apud
440 3468 598 3535 Plotinum
634 3469 853 3564 philosophum
886 3484 991 3536 tamaii
1024 3477 1058 3533 et
1088 3464 1165 3533 alios
1197 3488 1260 3533 uun

135 3576 256 3644 paucos
278 3552 331 3620 diu
353 3554 528 3655 quaesitum
551 3565 616 3628 ιιι,
637 3568 741 3622 utrum
764 3576 822 3643 per
841 3576 877 3619 su
897 3552 1007 3619 mentis
1022 3563 1150 3618 nostrae
1165 3553 1261 3632 naias,

94 3661 176 3716 ason
206 3639 312 3728 potius
340 3639 471 3728 alicujus
500 3639 633 3706 numinis
655 3639 788 3729 impulsu
809 3637 850 3704 ad
874 3636 1060 3727 cupiditates
1080 3648 1113 3703 et
1134 3637 1262 3703 consilia

137 3728 309 3790 moveatur.
350 3724 395 3788 Et
413 3723 520 3810 primi,
542 3723 595 3811 qui
615 3736 736 3792 mantas
758 3725 910 3790 humanas
930 3736 1043 3811 sponte
1064 3744 1124 3788 sua
1144 3722 1264 3794 moveri

137 3806 301 3886 dixerunt,
339 3805 617 3894 deprehenderunt
642 3819 766 3887 tamen,
795 3807 837 3874 ad
865 3809 968 3876 omnia
997 3809 1130 3875 honesta
1157 3809 1263 3874 Genio

136 3904 169 3958 ιι
190 3893 316 3958 nomine
335 3891 472 3981 quodam
494 3892 635 3959 familiari
655 3917 712 3960 iios
733 3892 862 3981 impelli,
896 3892 983 3981 quod
1011 3893 1102 3958 nuliis
1131 3914 1263 3958 nascen-

136 3978 220 4043 tibus
241 3975 357 4057 daturi
393 3998 488 4064 prusa
513 3999 587 4044 reio
610 3993 718 4047 nostra
739 3991 844 4045 mente
867 4001 984 4067 cupere
1006 3999 1062 4043 nos
1084 3991 1117 4045 ιι
1137 3977 1265 4044 deside·

94 4082 219 4134 aurare.
267 4061 338 4128 Nau
366 4062 464 4138 enini,
492 4063 651 4152 inquiunt,
681 4063 749 4129 lieri
777 4075 897 4150 potest,
928 4078 963 4132 ut
987 4085 1083 4214 prava
1104 4066 1266 4130 numinum

137 4145 295 4249 vuluntate
314 4147 514 4251 ,wolflfflfflv
552 4148 667 4237 quilius
708 4147 780 4214 nihil
823 4147 939 4214 malum
971 4168 1098 4236 pariere
1130 4161 1266 4223 constat,

138 4229 231 4299 Unde
253 4232 323 4297 alilii
346 4232 511 4318 Virgilius:

221 4353 264 4366 —·
305 4315 399 4382 Diris
420 4317 511 4380 lirino
531 4312 690 4381 ardorem
710 4268 1057 4394 maiiiibffladdmii,

220 4399 399 4489 Euryale?
435 4422 482 4464 ari
505 4422 569 4463 aira
591 4401 714 4490 cuique
735 4400 820 4464 ducis
828 4395 883 4485 fit
902 4399 984 4465 dira
1005 4399 1156 4487 cupido?

96 4507 178 4557 tanc
199 4486 225 4551 si
245 4484 382 4554 disereti
418 4485 451 4552 0
479 4483 530 4550 ltu
570 4484 635 4560 ula,
660 4482 747 4550 diina
767 4484 882 4550 nostris
894 4484 1059 4565 pneniibos
1081 4483 1269 4572 cupiditates

138 4572 289 4660 ingerunt
317 4582 351 4638 ιι
379 4568 537 4639 desideria
600 4591 640 4639 au
671 4567 750 4636 dena
782 4567 819 4634 lit
846 4567 916 4656 ipsa
943 4568 1057 4635 mentis
1090 4569 1269 4657 cupiditas?
