2640 5130
110 244 200 301 rvnr
544 216 829 300 inconnivis.
975 282 979 295 .

111 439 200 510 quos
221 411 368 483 editores
401 407 516 480 adbuc
554 410 590 480 in
622 406 789 479 auxilium
828 419 1018 502 vocarunt3
1034 435 1100 483 ‚ex
1137 437 1173 482 ee

112 512 305 586 emendavit
327 537 405 607 cap.
445 506 501 579 22
531 536 567 605 p.
593 506 676 580 954
709 511 810 580 Star.
848 507 890 580 dc
918 522 1039 583 octava
1079 511 1173 581 Herc

111 616 267 685 victoria.
331 612 404 683 Hie
437 611 551 682 autem
589 607 726 681 Athrtei
763 608 872 681 codex
909 637 979 682 non
1012 623 1062 682 est
1101 611 1172 683 dub

112 717 242 813 quina
269 710 522 815 mytbograpbo
547 707 698 784 secundo
721 709 826 783 fuerit
851 709 1117 783 diversissimus.

103 920 106 925 ·
210 894 295 966 dam
315 895 350 966 in
374 892 650 993 recognoscenda
669 890 911 991 mytbograpbi
932 895 1032 988 primi
1061 909 1095 968 et
1120 922 1173 969 ser

112 997 149 1067 di
174 998 328 1068 orduone
350 994 435 1093 quid
460 995 597 1069 consilii
618 995 850 1086 successim,
876 1018 979 1090 quam
1005 998 1109 1089 arium,
1138 1024 1173 1096 qr

109 1097 214 1169 tinem
247 1094 330 1166 mibi
364 1096 672 1194 praescripserim,
714 1096 836 1192 paucis
880 1096 945 1166 erit
980 1097 1173 1194 explicandi

109 1199 231 1294 ltaque
263 1223 370 1294 quum
405 1195 568 1296 majorem
605 1195 729 1267 barum
759 1194 953 1267 fabularum
981 1210 1113 1294 partem
1147 1225 1173 1296 ap

114 1300 277 1370 Servium
313 1323 452 1396 quoque
491 1310 526 1373 et
564 1295 789 1396 Fulgentium
820 1296 889 1395 legi
923 1296 1163 1372 intellexissem

110 1397 235 1471 borum
271 1401 477 1497 scriptorum
508 1397 633 1471 auxilia
664 1421 753 1495 quae
786 1406 913 1470 vocant
945 1401 1063 1471 critico
1090 1402 1173 1472 circi

111 1502 244 1597 spicere
269 1503 386 1597 coepi,
426 1512 466 1572 ut
495 1499 625 1572 rivulos
655 1497 735 1571 iude
761 1497 797 1568 in
823 1523 898 1571 mea
924 1497 1112 1570 derivarem
1139 1526 1173 1573 ar

109 1600 170 1672 Ac
205 1602 353 1700 qrimum
383 1599 522 1698 quidem
564 1599 843 1696 praestantissimi
879 1598 1008 1672 codicis
1049 1600 1173 1673 Fulder

110 1700 307 1774 conterendi
331 1699 542 1800 copiamibi
563 1696 658 1772 taeta
682 1725 752 1772 non
777 1711 852 1791 est,
877 1702 941 1772 etsi
966 1700 1112 1774 multum
1138 1702 1172 1774 la

109 1806 158 1874 ris
183 1805 219 1873 in
243 1829 285 1877 eo
307 1828 369 1900 per
388 1802 520 1874 litteras
541 1800 586 1872 ad
621 1798 738 1899 plures
770 1802 863 1872 viros
888 1800 1008 1874 doctos
1037 1804 1160 1899 missas

109 1903 309 2001 vestigando
350 1903 610 1976 consumserim.
670 1899 841 1973 Codicum
879 1913 994 1988 autem
1026 1900 1173 1976 Goeller

113 2018 271 2077 tonorum
294 2029 394 2076 usum
420 2001 488 2074 diei
512 2004 571 2074 vix
604 2012 716 2099 potest
747 2013 876 2098 quanta
907 2000 1117 2078 humanitate
1149 2032 1173 2076 u

109 2106 318 2177 concesserit
339 2102 659 2196 Scboenemonnus,
687 2100 915 2175 bibliothecae
943 2100 1173 2204 Guelferbpta

111 2205 306 2303 praelectus
346 2204 605 2293 celeberrimus,
656 2201 741 2275 mibi
787 2204 1028 2277 amicissimus.
1090 2207 1173 2280 niu

111 2320 164 2378 est
187 2304 230 2377 dc
255 2308 319 2397 iis,
347 2317 386 2378 ut
411 2303 616 2401 de'reliquis
634 2302 761 2402 quibus
783 2306 836 2376 usi
861 2331 980 2377 sumus
1001 2305 1099 2379 libris
1128 2334 1173 2380 mr

109 2409 277 2496 exaratis,
304 2410 340 2478 in
370 2406 484 2480 indice
509 2406 666 2479 codicum
694 2407 783 2478 nutis
808 2407 937 2478 criticis
970 2408 1134 2503 praefixo.

109 2508 303 2606 colligenda
327 2533 409 2582 vero
432 2508 589 2581 le'ctionis
612 2509 774 2580 varietme
802 2508 849 2579 ita
874 2519 1028 2580 versatus
1054 2535 1153 2602 sum,

106 2635 177 2681 non
215 2612 366 2707 potiores
397 2620 531 2682 tantum
573 2606 818 2705 discrepantias
857 2611 1109 2706 excerpserim‚
1152 2636 1173 2683 s

107 2736 215 2808 quum
245 2711 380 2784 codices
404 2710 514 2784 bonae
538 2711 754 2801 mutuatae,
786 2734 906 2781 omnes
938 2712 1052 2805 potius
1075 2736 1173 2783 exscr

106 2814 208 2884 serim
232 2811 418 2904 lectiones,
457 2813 559 2883 etiam
590 2809 772 2883 manifesto
798 2808 923 2903 falsas,
966 2812 1002 2881 in
1039 2811 1158 2908 primis

105 2912 302 2985 nominibus
340 2913 513 3011 propriis,
546 2937 635 3010 quae
664 2909 783 3009 Majus
822 2909 868 2982 ad
905 2909 1033 2984 codicis
1069 2912 1173 2985 Vatic

105 3007 207 3085 fidem
244 3012 464 3110 exprimenda
507 3013 659 3103 curavit,
698 3037 914 3111 quorumque
944 3038 1068 3110 magna
1099 3038 1173 3110 pars

105 3114 240 3212 vulgari
263 3112 435 3188 scribendi
457 3115 588 3186 ratione
611 3111 791 3202 abhorret,
825 3125 864 3184 nt
886 3113 960 3184 lieri
984 3113 1070 3186 solet
1094 3115 1130 3184 in
1154 3141 1173 3212 p

104 3216 221 3312 risque
245 3213 342 3286 libris
365 3215 644 3310 manuscriptis.
696 3213 795 3285 Hinc
818 3210 1015 3309 apparebit,
1039 3214 1140 3287 etiam
1165 3243 1173 3286 r

103 3318 195 3386 timis
219 3315 395 3388 codicibus
426 3317 462 3386 in
487 3313 542 3386 his
568 3312 672 3386 rebus
695 3314 753 3385 'vel
783 3313 913 3384 nullam
946 3313 1173 3413 plerumque

102 3418 260 3512 exiguam
302 3428 433 3488 tantum
472 3413 688 3488 tribuendam
732 3438 808 3486 esse
847 3416 1104 3509 auctoritatem,
1146 3443 1173 3515 q

102 3518 339 3612 unusquisque
364 3541 460 3589 suam
488 3540 551 3586 nec
574 3527 787 3588 constantem
807 3514 945 3611 quidem
976 3519 1131 3613 sequitur
1164 3519 1173 3589 l

102 3642 180 3687 rum
205 3619 381 3689 nominum
414 3614 673 3688 scribendorum
699 3617 877 3688 rationem.
930 3614 1003 3687 vix
1035 3630 1148 3689 autem

101 3727 232 3788 certum
276 3717 425 3815 aliquem
462 3715 565 3789 linem
598 3718 752 3789 revocari
789 3716 913 3813 poterit
954 3741 1009 3791 ars
1044 3719 1163 3792 critica

184 3991 210 4079 ')
231 3991 308 4058 Vid.
332 3993 478 4083 Gotting.
502 3993 566 4083 gel.
589 3993 676 4057 Ans.
700 3988 787 4054 {832
809 4013 842 4075 p.
858 3989 923 4054 981
946 4002 978 4053 et
999 3991 1084 4055 {833
1104 4015 1139 4138 p
1164 3995 1173 4053 t

99 4075 262 4165 Fulgentii
290 4079 382 4143 codd.
418 4079 505 4167 apud
526 4077 638 4143 Ebert.
664 4084 740 4137 sunt
771 4071 831 4137 Nr.
855 4076 930 4137 357.
954 4077 1019 4139 358
1046 4099 1081 4162 p.
1127 4079 1173 4136 32

96 4160 316 4251 Corrigendus
329 4165 414 4228 enim
436 4175 486 4227 est
508 4162 604 4227 index
625 4157 772 4226 codicum
794 4158 878 4224 notis
900 4159 1022 4226 criticis
1043 4162 1173 4248 praelim

96 4246 154 4314 ubi
173 4270 342 4338 perperam
362 4249 482 4341 legitur
510 4246 569 4316 Νι.
591 4247 669 4315 212.
691 4243 768 4310 213.
