2640 5130
144 262 208 318 vill
446 282 450 295 =
564 257 852 326 eaoosstnuu,

1289 338 1309 423 'l

29 433 41 453 ⁸
143 412 306 507 universo
322 428 470 528 Hygino
487 453 613 502 manus
631 430 768 525 intulit,
799 450 949 527 eumque
966 423 1013 500 ad
1031 388 1318 528 compendiarii}

145 531 310 624 contulit,
337 542 379 602 ut
397 530 488 604 idem
506 531 671 604 Bartbius
691 528 756 604 lib.
770 530 927 623 XXIII,
946 524 995 602 ll
1019 522 1318 631 suspicabatural,

146 632 308 730 „scitne
334 633 459 730 inquit,
486 632 625 706 Placidi
642 633 835 705 simillimus
854 642 907 706 est
924 656 1042 705 earum
1061 631 1287 729 fabularum:

145 731 397 854 „quaevulgo
421 733 568 859 Hygino
593 732 854 827 adscribuntur,
887 732 950 806 sed
974 735 1093 832 utique
1114 735 1151 806 iu
1177 754 1279 809 coma

92 914 97 922 ·
144 834 402 1032 :zttt‘l'ttt
423 835 830 1109 liilffln‘iliiss
847 833 1280 1035 {tt‘atdftttd

1293 752 1318 837 'l

1300 814 1316 869 l,

1307 878 1318 917 't

1311 940 1318 977 :-

1308 980 1318 1031 l.

146 1062 267 1133 „nare
298 1037 540 1111 adsueverat.''
598 1035 749 1112 Accedit
779 1037 840 1110 ila
867 1037 1153 1111 verisimilitudo
1178 1037 1277 1137 quod
1312 1060 1318 1123 ·.‘.

144 1138 191 1213 ad
224 1138 374 1213 Statium
404 1139 572 1213 Placidus
604 1140 710 1212 nullis
743 1140 880 1237 saepius
915 1138 1114 1211 auctoribus
1149 1140 1318 1236 utiturr}

145 1266 249 1340 mam
281 1240 452 1340 Iba-gilio,
490 1241 661 1334 Horatio,
706 1251 810 1339 atque
841 1239 1010 1333 Lueau03
1056 1238 1094 1311 id
1125 1240 1220 1341 quod
1251 1264 1278 1317 ε

144 1353 264 1415 nostro
288 1365 427 1439 quoque
452 1341 705 1442 mptbograpbo
732 1341 923 1414 factitatum
947 1339 1118 1415 videmus.
1180 1343 1279 1419 Rem

145 1455 240 1515 nuuc
270 1442 437 1539 prolixius
467 1468 592 1543 urgere
618 1469 689 1517 noa
718 1441 823 1536 libet,
861 1440 925 1514 sed
955 1441 1043 1528 illud
1068 1443 1185 1540 potius
1210 1440 1277 1516 ad·

13 1586 23 1614 .
144 1541 292 1617 monebo
312 1542 479 1637 lectores,
507 1570 563 1618 me
585 1543 723 1617 Placidi
743 1569 881 1643 quoque
903 1541 1039 1642 glossas
1060 1569 1105 1616 ex
1173 1555 1278 1618 atuor

67 1644 70 1650 ’
145 1659 216 1718 vat.
235 1642 427 1739 codicibus,
455 1670 664 1744 quamquam
683 1645 752 1718 beu
771 1644 1054 1738 mendosissimis,
1080 1569 1277 1745 vulgandas

145 1748 341 1838 censuisse,
377 1772 525 1845 quarum
555 1758 635 1820 ante
662 1746 727 1819 bos
755 1770 864 1817 anuos
889 1744 1080 1820 Mediolani
1109 1745 1275 1821 brevissi·

144 1872 238 1918 mum
259 1847 433 1947 specimen
453 1873 532 1920 cum
547 1848 724 1921 Frontone
744 1845 836 1925 edidi
851 1845 895 1943 ¹).
946 1845 1042 1920 Saue
1060 1845 1124 1919 bas
1131 1847 1277 2019 plassea

144 1947 270 2021 eruditi
293 1948 450 2021 bomines
475 1951 512 2020 in
536 1974 620 2021 mss.
648 1946 731 2021 olim
755 1946 916 2019 viderunt
943 1958 1047 2046 atquc
1071 1946 1130 2020 lau
1155 1961 1272 2045 arunt,

144 2048 252 2122 veluti
275 2048 374 2120 Frid.
402 2048 606 2147 Tiliobroga
630 2047 742 2147 praei.
770 2046 815 2119 ad
840 2047 1012 2143 Statium,
1046 2061 1081 2121 et
1104 2048 1275 2123 Boethius

144 2149 225 2221 adv.
248 2148 385 2238 XXII,
411 2147 467 2222 22
479 2175 491 2245 3
528 2149 683 2223 Isidorus
706 2158 821 2221 autem
846 2148 889 2223 de
915 2149 990 2222 dili.
1010 2147 1150 2224 verbor.
1177 2147 1274 2253 §99

143 2249 314 2349 pleniores
340 2250 455 2324 adbuc
478 2250 640 2324 habuisse
663 2248 839 2324 videtur.”
1032 2272 1037 2282 ·
1087 2324 1090 2340 ,

219 2351 289 2426 lv.
329 2354 523 2452 “Reginae
553 2361 713 2427 vetustus
746 2348 856 2424 codex
874 2349 925 2423 ‘iu
960 2349 1079 2423 fabula
1111 2350 1275 2429 CXLVI

144 2452 288 2524 mutilus
315 2464 408 2547 erat,
442 2451 578 2528 duobus
602 2455 738 2526 amissis
765 2452 870 2525 loliis.
930 2451 1061 2526 Iterum
1089 2453 1128 2525 iu
1152 2453 1274 2529 fabula

144 2551 227 2626 cle
277 2551 401 2627 lacuna
442 2568 539 2648 erat,
600 2581 704 2655 quam
749 2553 968 2626 amanuensis
1017 2555 1154 2651 priscus
1200 2581 1274 2629 nou

144 2654 405 2728 animadvertit:
440 2658 565 2730 etenim
595 2658 632 2729 iu
660 2656 789 2730 codicis
816 2653 930 2728 media
960 2656 1086 2755 pagiua
1106 2652 1161 2726 70
1192 2669 1274 2754 post

142 2753 249 2827 verba
281 2756 427 2856 Trojom
452 2783 497 2830 cx
521 2758 710 2857 improviso
736 2760 850 2848 vene,
879 2753 999 2829 eodem
1024 2781 1126 2828 versu
1151 2781 1273 2831 conse·

143 2857 263 2953 quitur
294 2883 338 2930 cx
375 2856 535 2932 Vulcani
564 2886 670 2932 mona
699 2861 901 2961 fabricato,
938 2881 1029 2954 quae
1056 2867 1139 2929 sunt
1165 2858 1274 2932 verba

143 2956 281 3031 fabulae
313 2957 426 3034 CCV.
501 2960 626 3059 Itaque
660 2985 773 3056 neque
803 2956 942 3031 >fabulas
979 2959 1131 3057 quinque
1165 2960 1273 3032 iuter·

142 3069 281 3157 cepas,
321 3085 433 3159 neque
460 3063 647 3135 sententiae
677 3059 809 3132 hiatum
836 3057 997 3131 librarius
1023 3062 1144 3163 sensit.
1208 3061 1274 3135 Me

142 3185 226 3232 vcro
260 3161 322 3232 etsi
357 3171 480 3234 neuim
514 3161 641 3235 lacuna
675 3160 796 3254 latuit,
846 3185 925 3258 spes
959 3168 1075 3233 tamen
1111 3160 1274 3263 explendi

142 3258 366 3354 destituebat,
404 3266 486 3361 quia
511 3262 645 3361 plenior
670 3261 779 3336 codex
801 3288 872 3335 noo
898 3259 1113 3358 suppetebat.
1173 3260 1273 3337 Ecce

143 3373 255 3434 autem
272 3362 370 3461 lapso
386 3375 465 3461 post
481 3363 772 3464 mytbograpbum
789 3364 994 3461 impressum
1010 3388 1102 3436 anno
1124 3360 1273 3463 (tamdiu

142 3464 233 3534 enim
255 3461 336 3535 libri
358 3465 540 3539 editionem
563 3464 716 3564 distuli),
751 3464 833 3537 dum
858 3462 1025 3563 quosdam
1047 3468 1272 3539 monasterio·

140 3589 220 3635 rom
251 3566 479 3639 extinctorum
512 3566 650 3639 codices
683 3568 721 3637 in
751 3567 908 3638 vaticana
937 3563 1145 3639 bibliotheca
1174 3580 1272 3641 extra

142 3663 296 3736 ordinem
332 3658 532 3741 collocatos*
555 3666 644 3741 lorte
680 3669 909 3766 inspicerem,
958 3664 1159 3740 ebartaeeus
1196 3695 1271 3742 sese

140 3763 265 3838 obtulit
276 3768 414 3840 saeeulo
425 3769 502 3844 XV
515 3771 666 3866 scriptus
682 3767 804 3862 codex,
828 3771 888 3867 qui
902 3770 993 3839 iuter
1005 3767 1071 3840 alia
1085 3769 1267 3866 opuscula,

140 3866 331 3939 secundum
349 3895 488 3968 quoque
503 3869 807 3969 mytbograpbum,
834 3871 899 3942 etsi
919 3894 1026 3967 aeque
1044 3896 1268 3970 anonymum,

140 3968 357 4042 continebat:
394 3996 497 4069 quem
522 3997 588 4070 epo
618 3974 732 4045 statim
758 3995 838 4042 cum
862 3972 1018 4068 Reginae
1048 3983 1183 4044 vetusto
1212 3998 1269 4045 eo·

140 4068 217 4143 diee
241 4082 276 4142 ct
302 4097 381 4144 cum
406 4070 496 4145 libro
521 4099 598 4146 meo
625 4081 883 4172 comparatum,
918 4098 1092 4171 nusquam
1117 4077 1275 4172 comperi.

183 4300 212 4390 ')
241 4302 418 4372 Omisimus
439 4303 565 4375 Placidi
587 4306 710 4399 glossas
733 4328 756 4372 a·
771 4296 861 4390 blojo
883 4302 996 4370 editas.
