2692 4762
358 240 540 343 myoogr.
568 241 640 316 111.
694 241 733 315 7.
787 240 929 316 1-2.
1110 239 1189 316 ror

67 421 152 485 Nam
177 433 289 487 cantus
320 420 363 486 ad
394 421 549 501 animum,
586 420 711 489 saltatio
742 420 784 488 ad
812 421 1013 492 mobilrtatem
1046 424 1188 514 corporis
1229 472 1232 482 ·

64 508 212 595 pertinet.
254 506 340 571 Hinc
354 504 402 571 de
423 504 552 572 Didone
572 504 704 592 legitur:

150 589 228 655 Aut
260 602 343 654 crate
376 614 439 656 oro
470 587 572 655 desim
606 589 754 678 pinguia
791 593 970 679 spatiatur
1003 590 1052 655 od
1091 613 1187 658 arua.

63 674 232 741 Matronae
262 675 344 740 enim
376 686 408 743 et
438 676 527 762 ipsae
543 674 779 741 sacrificaturae
800 677 885 742 circa
905 699 976 742 oras
998 675 1116 742 faculas
1137 689 1184 744 te-
1211 751 1213 757 ¹

64 772 176 826 nentes
199 759 399 841 serebantur3
435 759 521 849 quod
555 782 628 826 cum
653 757 791 848 quodam
819 771 915 849 gestu
942 762 1048 828 fiebat
1090 761 1209 828 Undeo

62 847 160 992 tranlit
197 844 367 911 Salustius:
411 844 552 910 Soltnre
580 842 797 962 elegantiore
839 869 943 934 quam
974 868 1107 912 necesse
1134 858 1190 913 est

59 950 126 1015 pro
147 951 197 994 aa.

433 1074 472 1147 7.
525 1027 818 1176 Proserpina.

148 1202 177 1268 1.
218 1201 344 1271 Plutoni
373 1214 501 1303 nuptam
531 1203 659 1271 Cereris
684 1203 778 1270 liliam
808 1203 1032 1306 Proserpinam
1066 1200 1181 1273 volunt.

61 1288 164 1353 Ceres
195 1308 276 1374 ergo
304 1289 480 1375 gorrdrum
512 1287 578 1355 inte
617 1300 743 1355 retatur.
794 1290 890 1354 Hanc
927 1288 998 1355 rdeo
1034 1289 1180 1357 frumeuti
1189 1293 1224 1344 1⁰

61 1371 156 1437 dcam
177 1374 380 1458 contingunt,
400 1373 473 1460 quia
495 1373 550 1439 ubi
602 1373 730 1440 enitudo
752 1374 792 1441 sit
816 1373 992 1452 fructuum,
1017 1373 1059 1438 ibi
1080 1375 1180 1440 abun-

61 1456 138 1523 dent
158 1456 277 1543 gaudia
299 1479 430 1524 necesse
457 1469 514 1524 est
563 1398 786 1560 drosepman
817 1480 891 1523 vero
919 1458 1007 1546 quasi
1034 1470 1180 1545 segetem
1239 1522 1244 1532 ,

61 1540 244 1622 voluerunt,
278 1541 379 1611 idest
399 1564 457 1629 per
478 1553 595 1609 terram
617 1542 774 1610 radicibus
791 1554 1056 1630 proserpentem.
1111 1543 1179 1610 Sed

60 1639 94 1692 et
114 1627 240 1693 Hecate
259 1649 279 1692 a
298 1628 431 1693 Graecis
461 1625 592 1710 dicitur3
625 1623 743 1697 ἑκατὸν
765 1626 847 1693 enim
867 1636 1003 1690 eentum
1023 1625 1177 1716 interpre-
1225 1652 1228 1659 ·

59 1721 154 1778 tatur.
196 1713 272 1778 Hoc
303 1734 417 1780 nomen
445 1712 556 1780 scruta
588 1725 654 1791 est,
696 1711 782 1800 qood
810 1709 1051 1798 centuplicatum
1080 1723 1219 1799 segesta

59 1796 202 1884 proferat
233 1797 379 1864 fructum.
420 1796 516 1863 Hanc
541 1820 561 1862 a
591 1796 727 1863 Plutone
747 1809 886 1884 raptam,
921 1794 953 1885 id
973 1807 1021 1862 cst
1041 1798 1180 1871 interra

59 1891 171 1961 satam,
195 1904 266 1948 cum
285 1881 344 1948 lam
368 1880 479 1948 adibus
501 1884 601 1948 Ceres
622 1882 779 1971 inquirere
796 1880 926 1960 dicitur;
947 1880 1081 1950 undeet
1101 1882 1178 1948 lam-

59 1965 214 2053 padarum
237 1966 305 2033 dies
328 1906 439 2034 (lereri
461 1965 665 2046 dedicantur,
688 1968 737 2034 illa
758 1966 901 2032 videlicet
920 1967 1060 2048 ratione,
1089 1966 1177 2055 quod

58 2064 204 2139 tempore
223 2051 333 2118 messis
355 2074 427 2117 cum
449 2051 664 2155 lampadibus,
684 2053 785 2120 idest
805 2051 878 2118 solis
895 2051 1032 2126 -lerrore,
1055 2051 1176 2120 fructur

58 2134 102 2202 ed
125 2138 303 2204 metendum
327 2159 398 2203 cum
420 2137 538 2223 gaudro
559 2138 767 2226 requirantur.
824 2135 989 2222 Remigius
1010 2136 1218 2227 Proserpi-²⁰

58 2243 131 2287 nam
160 2244 180 2288 a
204 2221 435 2309 proserpendo
464 2233 608 2289 vocatam
637 2221 712 2291 dicit
740 2234 774 2289 et
798 2220 873 2289 ideo
900 2222 1053 2310 puellam,
1087 2222 1175 2313 quod

56 2305 189 2457 eloquiis
209 2306 297 2372 annis
331 2306 451 2372 semina
478 2318 649 2375 nascantur
681 2318 715 2375 et
749 2319 947 2375 renoventur.
993 2306 1084 2374 Idem
1114 2311 1175 2375 vim

56 2391 226 2458 herorum
262 2405 295 2459 et
332 2391 470 2457 omnium
504 2393 675 2473 neminum,
718 2414 800 2480 quae
836 2392 879 2456 de
910 2404 995 2459 terro
1027 2406 1175 2480 surgunt,

56 2476 178 2543 Proser
199 2475 282 2541 inam
317 2476 441 2565 accipit
488 2477 636 2566 Denique
672 2478 825 2545 Cererem
855 2476 943 2566 quasi
975 2477 1173 2545 Creerema

55 2500 204 2626 ereanrdr
241 2572 275 2628 et
309 2558 487 2626 crescendo
513 2574 723 2650 nuncupatam
750 2562 842 2643 dicit,
884 2583 1017 2649 eamque
1044 2574 1213 2644 terramus

56 2667 142 2731 qnae
160 2645 264 2711 omnia
285 2656 390 2725 creat,
417 2645 498 2714 sicut
519 2659 551 2715 et
569 2648 716 2728 Servius,
743 2670 814 2714 esse
833 2647 1006 2713 confirmat
1048 2645 1171 2714 'l'ullius

55 2740 162 2797 tamen
191 2731 344 2797 Cererem
372 2728 461 2816 quasi
493 2730 654 2797 Gererem
680 2755 699 2797 a
724 2731 895 2820 gerendo,
934 2729 1020 2819 quod
1049 2730 1172 2800 fructus

82 2825 179 2892 erat,
211 2815 311 2902 prima
330 2814 433 2884 littera
455 2837 532 2882 casu
553 2817 732 2895 immutata,
766 2815 881 2884 dictam
902 2816 1021 2882 asserit
1071 2815 1172 2883 Flava

53 2836 172 2966 dicitur
200 2912 330 2988 propter
364 2900 531 2968 aristarum
566 2903 783 2968 maturitatem.
836 2902 930 2966 Haec
967 2899 1043 2967 dum
1075 2900 1169 2967 liliam

53 2984 194 3072 quaerit,
222 2986 303 3051 Jove
323 2984 514 3054 admonente
548 2989 733 3074 percibum
764 2985 928 3074 papaveris
949 2984 1064 3053 dicitur
1084 2986 1210 3054 orbi-ao
1292 3016 1301 3059 ,ς

53 3068 126 3137 tatis
148 3067 252 3137 oblita
293 3069 340 3136 Et
371 3091 480 3137 rerera
508 3094 644 3160 papaver
672 3093 817 3174 soporem
849 3070 973 3158 gignit3
1006 3092 1070 3159 quo
1092 3070 1169 3137 dum

55 3154 203 3234 fruimur,
243 3155 318 3223 licet
349 3156 467 3224 aestiva
498 3179 640 3224 annonae
681 3154 848 3258 aliquando
882 3154 1012 3243 penuria
1049 3155 1169 3235 alflicti,
1237 3183 1239 3187 ·

54 3239 242 3306 maturitatis
282 3250 386 3307 tamen
425 3243 656 3309 cunctationem
702 3263 804 3308 mmus
848 3241 988 3325 graviter
1032 3240 1169 3309 serimus.

53 3323 143 3390 Alma
163 3326 205 3391 ab
225 3323 349 3388 alendo
376 3324 560 3414 dignissime
588 3338 793 3414 nuncupatur.
835 3327 981 3412 Suntque
1008 3324 1076 3415 ejus
1095 3335 1182 3416 pro·¹

53 3408 143 3499 priao
163 3409 388 3490 caerimoniae,
417 3413 499 3478 sicut
519 3423 551 3479 et
581 3406 811 3500 Liberiorgia.
852 3412 963 3498 Leges
993 3408 1093 3477 fertur
1119 3413 1209 3483 inat

53 3494 194 3571 venisse,
225 3495 299 3581 quia
318 3504 392 3561 ante
412 3497 570 3564 inventum
592 3499 763 3576 aCerere,
798 3505 835 3562 ut
857 3497 900 3562 ait
920 3496 1065 3576 Servius,
1104 3497 1169 3564 lra-

53 3590 192 3645 mentum
213 3580 327 3665 passim
351 3579 490 3649 homines
512 3584 579 3649 aine
611 3582 683 3670 lege
704 3582 918 3668 vagabantnr3
952 3603 1035 3667 quac
1063 3582 1170 3648 feritas

51 3665 226 3751 interrupta
247 3677 296 3730 est
317 3665 441 3734 invento
462 3691 520 3734 usu
543 3668 785 3745 frumentorum,
816 3681 983 3755 postquam
1005 3690 1045 3731 cx
1073 3688 1169 3754 agro-

51 3772 123 3814 rum
144 3749 292 3814 divisione
314 3762 388 3816 nata
408 3765 481 3820 sunt
500 3753 578 3840 jura.
620 3752 848 3838 Triptolemum
863 3751 976 3816 dicitur
993 3751 1168 3832 adamasse,

51 3830 139 3922 quod
159 3835 186 3900 is
207 3835 323 3922 primus
344 3836 374 3900 in
397 3839 553 3917 Graecia,
574 3838 656 3904 sicut
678 3839 708 3902 in
731 3840 877 3938 Aegypto
896 3836 1007 3917 Osiris,
1029 3852 1208 3907 aratrumto

51 3935 85 3988 et
105 3941 253 4006 magnam
276 3920 488 4007 agriculturae
510 3937 628 4010 partem
648 3921 812 3989 adinvenit.

136 4006 166 4068 2.
209 4005 304 4070 Juxta
335 4012 464 4074 Aetnam
494 4022 583 4096 rapta
619 4007 684 4096 eJus
723 4009 837 4075 dicitur
873 4003 953 4075 ntia.
990 4004 1096 4090 quod,
1134 4018 1171 4074 ut

49 4100 186 4158 testatur
227 4091 394 4169 Lucanus,
442 4094 546 4161 Sicilia
585 4093 711 4179 liugom
748 4105 796 4159 est
830 4089 1028 4156 leracissima.
1083 4092 1169 4156 Sane

49 4182 155 4242 Ceres
177 4198 195 4238 a
217 4175 295 4239 Jorc
316 4179 443 4254 meruit,
481 4193 514 4245 ut
546 4180 734 4265 Proserpina
766 4200 819 4244 sex
853 4189 937 4242 esset
957 4176 1116 4240 mensibus
1137 4178 1167 4240 in

48 4261 144 4329 coelo
166 4283 237 4326 cum
258 4275 369 4344 matre,
391 4286 445 4331 sea
468 4264 552 4353 apud
573 4266 690 4333 inferos
712 4287 783 4332 cum
805 4262 934 4342 marit03
954 4258 1041 4348 quod
1060 4262 1209 4332 lictumtt
