2640 5130
342 551 523 655 nryuogs.
551 553 622 627 ιιι.
677 550 717 624 s.
772 550 912 626 s-c.
1107 498 1186 629 ιιι
1310 508 1314 521 ’

83 744 140 802 uto
165 734 401 803 feracissimam.
441 734 586 804 conditis
607 735 704 839 igitur
722 731 868 813 Athenis,
892 747 1055 804 auctorem
1074 759 1184 805 aarum

60 757 256 923 llecrppem,
277 821 439 925 urbislras
451 820 532 889 duas
552 820 808 968 constdcranterp
819 821 1074 901 commoditates,
1096 822 1184 925 quod

60 904 771 1070 iiiiiiniia'iiixid‘u‘iiiiii
795 905 1183 1083 iiiiiiibliiilil!

60 1086 206 1162 ponera.
249 1075 344 1143 Unde
366 1076 491 1143 numina
512 1077 660 1163 fingimus
687 1084 897 1143 concertasse.
939 1076 1084 1145 Tandem
1107 1096 1208 1144 veros

60 1160 215 1247 olivarum
235 1161 375 1243 fructum
404 1161 528 1229 marinis
551 1161 660 1229 usibus
682 1160 884 1247 praeferens,
913 1162 954 1227 ab
981 1185 1091 1229 aarum
1119 1161 1182 1232 dea

60 1248 172 1313 orbem
203 1244 328 1313 ridetur
353 1246 536 1314 intitulasse.
585 1247 695 1320 Quare
723 1254 830 1311 autem
860 1246 961 1313 olivae
978 1246 1101 1314 Palladi
1123 1249 1181 1316 de-

58 1342 232 1432 putentur,
253 1331 510 1420 insequentibus
537 1329 657 1397 audies.
699 1327 778 1395 Ideo
802 1341 908 1399 aute·
929 1354 1046 1419 equum
1067 1335 1183 1401 dicitur

60 1416 216 1483 iuvenisse
231 1415 421 1568 dlleptunurp,
441 1414 528 1525 qupd
543 1437 637 1565 guare
656 1413 771 1480 mobile
786 1414 831 1564 pit
851 1427 884 1565 ey
904 1414 1010 1520 velox,
1039 1418 1126 1485 unde
1148 1428 1182 1487 et

59 1522 239 1674 tutta
253 1514 392 1666 'tittf
405 1527 520 1654 stt
543 1522 691 1663 stit:
742 1514 1222 1677 “tut’‘ttttt‘tf‘ttttw

60 1692 171 1739 corum
184 1669 296 1739 stellae
307 1670 521 1738 velocissimae
533 1682 616 1749 sunt,
632 1691 730 1772 equos
742 1669 773 1734 in
783 1668 882 1736 tutela
892 1670 1011 1739 habere
1022 1671 1180 1743 dicuntur.

137 1758 173 1823 5.
214 1755 402 1844 Neptunum
428 1757 523 1823 etiam
551 1756 710 1845 Harpyras
741 1753 851 1820 dieunt
877 1775 1062 1842 generasse.
1102 1759 1180 1849 lpse

61 1839 141 1907 esim
169 1841 311 1910 omnium
340 1842 408 1907 sere
451 1840 647 1927 rodigiorurn
670 1838 801 1927 fingitur
843 1849 921 1906 ater.
962 1840 1036 1909 Nec
1053 1843 1178 1926 mirum,

61 1948 156 2012 quun
188 1924 368 1993 secuudum
397 1925 429 1992 'l'
481 1937 564 1992 etam
591 1925 745 1991 Milesium
766 1946 806 1990 ex
820 1861 959 1992 lumore
978 1926 1083 1994 omnia
1104 1947 1221 2015 pro-ts

61 2020 216 2114 creentur.
256 2010 353 2077 Unde
379 2022 443 2078 est:
478 2010 718 2111 Oceanumque
736 2019 874 2112 potrcsn
893 2032 1020 2079 rerum.
1062 2013 1117 2079 Sic
1147 2026 1181 2081 et

62 2116 266 2267 moos,
295 2116 496 2197 quorumque
520 2116 582 2160 non
608 2115 749 2160 noumus
770 2102 902 2180 patnam
923 2097 1181 2249 etparenteianr,

169 2181 199 2247 ni
228 2180 309 2246 lilios
340 2179 482 2251 dcimus.
525 2180 687 2268 Harpyiae
713 2188 819 2244 autern
848 2202 943 2246 canes
983 2183 1049 2248 oris
1071 2183 1180 2285 appel-

63 2263 179 2345 lantur,
220 2265 298 2354 quia
322 2275 356 2331 et
386 2266 474 2353 ipsae
503 2264 624 2331 Furiae
653 2285 724 2329 esse
751 2262 909 2332 dicuntur.
962 2266 1058 2334 Unde
1085 2281 1180 2335 etiarn

62 2348 519 2502 attestatur·
539 2347 627 2500 ‘llll
651 2347 1221 2505 sttru¹¹uu⁵¹¹⁰uttti²⁰

62 2456 148 2587 ulid
160 2517 205 2584 de
227 2519 377 2608 Harpyiis
399 2459 446 2586 sid
474 2459 603 2607 elpolrit
632 2518 828 2604 Fuigentius.
858 2456 1103 2623 ¹harpyiarum,
1128 2525 1180 2589 in-

10 2632 12 2637 ·
80 2606 140 2681 uit,
163 2605 266 2693 prima
289 2604 392 2684 nelo,
422 2603 563 2672 secunda
585 2605 751 2692 Ocypete,
780 2604 872 2671 tertia
892 2603 1007 2672 dicitur
1026 2606 1177 2676 Celaeno.

62 2628 140 2757 duat
170 2689 255 2757 enim
285 2700 351 2755 tres
378 2701 508 2756 tantum.
544 2688 696 2775 ’Ἅρπυια
726 2688 823 2773 igitur
844 2689 971 2776 rupino
991 2693 1178 2795 iuterpreta-

60 2786 117 2840 tur.
160 2773 243 2841 ldeo
273 2774 410 2858 virgines
439 2775 622 2861 finguntur,
651 2773 739 2860 quod
761 2772 860 2839 omnis
883 2774 992 2863 rapina
1011 2778 1122 2845 sterilis
1142 2791 1220 2851 ctas

60 2858 218 2925 adducit
261 2858 341 2925 ldeo
360 2858 473 2947 plumis
501 2857 731 2936 circumdatae,
759 2859 834 2947 quia
860 2870 1003 2960 raptores
1025 2864 1178 2953 quicquid

58 2942 226 3012 invaserint
255 2944 367 3010 celant.
423 2943 503 3011 Ideo
531 2941 685 3022 volatiles,
716 2940 803 3031 quod
832 2964 932 3011 omurs
959 2958 1068 3033 ruptor
1107 2960 1180 3037 post

111 3030 200 3095 ἰιιιιιι
220 3027 263 3095 ad
285 3025 473 3117 fugiendum
494 3027 534 3095 sit
554 3027 744 3095 celerrimus.
786 3026 873 3094 Aello
894 3041 1002 3099 autern
1022 3032 1180 3097 aliorsum

55 3124 70 3176 r
116 3136 199 3193 ens,
226 3114 376 3203 Ocypete
403 3113 509 3179 citius
536 3109 717 3195 auferens,
749 3112 889 3179 Celaeno
917 3114 1061 3201 nigrum
1082 3117 1180 3183 inter·

53 3209 212 3285 pretatur.
260 3198 300 3265 ln
328 3197 443 3285 rapinis
478 3197 560 3264 enim
589 3195 772 3263 exercendis
800 3198 937 3286 primum
965 3209 1015 3265 cst
1041 3199 1221 3273 aliennmso

53 3282 302 3371 concupiscere,
337 3279 515 3350 secundum
547 3280 714 3370 concupita
739 3281 905 3360 invadere,
936 3283 1064 3350 tertium
1092 3287 1180 3388 synod

52 3368 207 3435 inrascris
229 3367 343 3436 celare.
386 3369 461 3434 Hae
487 3367 586 3455 igitur
610 3365 652 3432 ad
675 3367 830 3435 Phineum
852 3366 1046 3455 puniendum
1065 3393 1180 3436 massae

52 3453 232 3541 tinguntur.
272 3452 335 3520 Est
354 3463 462 3520 autern
482 3452 563 3519 haec
584 3451 700 3518 sabula.
741 3452 882 3518 Phineus
903 3473 958 3516 rer
980 3464 1071 3521 natos
1092 3477 1180 3537 suos,
1281 3532 1284 3537 ¹

51 3541 94 3602 als
117 3560 258 3604 noverca
278 3537 321 3603 de
342 3537 464 3604 incesto
480 3550 658 3614 accusatos,
679 3536 848 3604 luminibus
863 3535 1010 3623 privarit3
1031 3540 1178 3627 obquom

50 3624 266 3775 ttdtttt
306 3623 588 3794 “ttttltttit'
603 3620 1177 3797 ,titilus‘tjiltsstttltttt
1185 3655 1220 3702 ³⁵

49 3806 145 3865 runt,
165 3793 282 3880 partim
305 3794 499 3859 stercoribus
518 3758 735 3858 soddarerunt
777 3791 858 3860 Post
878 3801 984 3857 tamen
1006 3815 1026 3859 a
1047 3795 1128 3862 Zeta
1147 3809 1180 3862 et

48 3877 163 3953 Calui,
192 3878 322 3943 Boreae
342 3878 429 3954 liliis,
465 3879 640 3964 sulirgatac
661 3887 743 3941 sunt.

135 3964 168 4029 o
213 3962 356 4029 Phineus
375 3962 488 4049 igitur,
510 3984 529 4028 a
543 3962 740 4044 serreroudo
761 3958 881 4037 dictus,
904 3956 935 4023 in
954 3960 1083 4031 modum
1105 3989 1180 4032 ava-

46 4047 142 4115 ritiae
175 4049 314 4135 ponitur.
356 4046 432 4113 Nati
460 4046 528 4135 ejus
549 4046 689 4122 divitiae,
725 4044 822 4111 multo
841 4043 949 4110 labore
972 4050 1221 4137 conquisitaeon

46 4146 80 4197 et
103 4133 228 4199 sollerti
248 4130 459 4198 sollicitudine
485 4130 567 4197 velut
589 4142 721 4217 paterna
746 4130 953 4196 nutricatioue
973 4146 1115 4200 servatae
1145 4149 1178 4204 et

45 4216 210 4285 adauctae
239 4200 303 4283 dici
331 4215 484 4283 ridentur.
526 4216 600 4283 Hae
629 4213 704 4279 duur
733 4215 764 4279 in
796 4217 896 4281 bonos
923 4238 1000 4283 usus
1027 4231 1101 4304 apte
1123 4243 1177 4284 ex-

45 4301 252 4390 penduntur,
287 4311 320 4368 et
347 4300 435 4388 ipsae
457 4299 580 4386 fulgore
605 4322 664 4366 suo
687 4297 807 4365 clarere
828 4311 861 4366 et
882 4323 1082 4387 possessores
1103 4326 1178 4370 suos

45 4389 151 4453 duros
173 4388 285 4453 facore
306 4404 368 4450 non
390 4385 584 4453 dubitantur.
614 4386 720 4457 Quum
743 4405 817 4450 vero
840 4409 859 4450 a
881 4407 977 4472 prava
997 4390 1177 4461 tenacitate.

44 4471 292 4625 ‘'n‘'ssiilmlm
312 4469 551 4572 dispensationis
573 4491 722 4621 uoreroad
731 4481 789 4620 esd
812 4469 854 4536 ad
875 4470 1031 4622 sinistrarp
1054 4484 1219 4558 portemus

45 4580 102 4625 cus
172 4579 214 4623 eu
239 4577 281 4622 aa
321 4576 424 4643 magu
467 4578 562 4645 quarn
597 4575 698 4643 espen
723 4576 761 4621 au
786 4577 825 4622 ae
858 4576 1004 4657 reponun
1018 4578 1078 4635 ur,
1118 4580 1179 4625 nec
