2640 5130
181 236 265 313 aaa
481 236 661 339 nryuagr.
688 236 759 311 111.
814 236 876 312 rr.
929 236 994 315 ro..
1097 260 1108 271 ’

181 439 311 487 suorum
346 419 491 499 obturat,
525 442 565 486 ne
593 441 702 487 aarum
740 419 965 489 modulationes
997 414 1143 494 audiant,
1179 420 1214 487 id
1246 433 1292 488 est

179 503 359 609 praeceptis
388 527 444 572 eos
478 503 664 573 salutaribus
685 505 848 586 inlorruat,
882 529 925 573 ne
944 506 1157 574 saecularibus
1174 505 1291 572 deficiis

179 590 384 678 implicentur.
438 590 512 677 lpse
533 614 607 656 vero
625 591 706 657 malo
735 591 879 678 alligatus
898 592 1025 672 transit,
1051 591 1087 656 id
1114 600 1164 658 est
1193 591 1291 657 virtuti

179 676 329 754 innitens,
344 674 418 742 licet
437 674 664 742 mundanarum
684 676 866 744 varietatum
892 675 1054 744 illecebras
1074 676 1207 754 sentiat,
1239 698 1290 741 eas

154 773 285 829 stamen
305 771 507 827 contemnens
527 760 558 826 in
579 763 710 849 patriam
730 762 940 849 sempiternae
962 760 1162 828 bmtitrrdinis
1184 759 1290 828 tondit.

176 847 230 914 Eo
249 856 354 913 autem
375 843 536 931 digresso,
556 843 666 912 dolore
685 847 860 934 perierunt,
878 846 953 950 quis
968 846 1001 913 in
1019 845 1124 912 animo
1147 845 1290 935 sapientis

177 930 311 998 carnalis
330 929 583 1019 concupiscentia
610 943 769 1001 contemta
800 943 961 1001 emuntur.
1010 928 1160 998 Nonnulli
1188 943 1289 998 tamon

176 1016 234 1082 bns
253 1026 319 1083 tres
350 1037 476 1082 sorores
503 1016 727 1104 pulcherrimas
757 1016 939 1089 meretrices
965 1014 1062 1083 luisse
1088 1015 1290 1085 contendunt

175 1101 269 1176 Quae
311 1097 362 1166 uia
381 1097 571 1168 accedentes
600 1101 801 1170 deducebant
825 1092 871 1167 ud
896 1112 1088 1189 egestatem,
1121 1100 1290 1169 indictus

135 1196 249 1255 norunt
270 1124 388 1251 idlerre
408 1185 583 1274 naufragia.
630 1185 778 1254 volatiles
806 1186 893 1276 pingi
913 1198 1114 1266 meruerunt,
1143 1184 1194 1253 rel
1219 1187 1291 1275 quia

174 1270 345 1338 amantium
378 1282 499 1337 mentes
534 1270 678 1338 celeriter
711 1284 861 1360 pereunt,
899 1271 947 1338 vel
984 1272 1057 1358 qnia
1091 1272 1289 1339 meretricum

173 1378 263 1423 arnor
283 1355 431 1422 citissime
450 1355 573 1422 labitur.
627 1356 825 1424 Gallinaceos
841 1355 944 1459 pedes
964 1355 1098 1435 hubent,
1130 1356 1206 1447 quia
1224 1356 1290 1423 libi-

173 1440 254 1508 dinis
289 1442 422 1508 affeotus
462 1440 685 1529 quantamlibet
717 1465 945 1530 possessionem
979 1440 1127 1508 inutiliter
1162 1440 1289 1531 spargit.

172 1526 256 1594 Nam
289 1526 375 1616 quod
409 1524 499 1591 Pluto
529 1527 561 1592 in
593 1551 652 1594 sna
683 1525 861 1617 Republica
890 1549 988 1615 quum
1017 1523 1060 1592 de
1085 1524 1289 1616 sphaerarum

132 1611 353 1681 lucaelestium
375 1611 564 1679 volubilitate
588 1623 758 1694 mactaret,
785 1611 924 1699 singulas
945 1611 991 1678 ait
1008 1610 1138 1680 Sirenes
1158 1611 1287 1699 singulis

171 1699 300 1765 orbibus
318 1697 473 1774 insidere,
493 1697 695 1784 sphaerarum
716 1707 804 1766 motu
824 1682 1288 1800 harmonium'jncnndissimam

170 1785 348 1851 numinibus
367 1782 554 1870 significavit
573 1783 721 1850 exbiberi.
762 1782 858 1850 Unde
875 1783 936 1849 sub
958 1779 1017 1848 alia
1036 1783 1289 1871 interpretatione

170 1870 279 1948 Siren,
308 1869 409 1955 inquit
427 1867 624 1949 Macrobius,
652 1867 713 1932 cleo
732 1890 858 1933 canens
875 1870 1002 1933 Graeco
1023 1865 1179 1936 intellectu
1201 1868 1288 1936 valet.

170 1957 257 2020 Sane
279 1953 435 2020 Salustius
455 1947 592 2043 Scyllam
622 1952 697 2019 dicit
722 1975 831 2019 saxum
852 1951 950 2019 simile
971 1952 1092 2019 lormae
1111 1951 1287 2020 celebratae

110 2053 164 2102 aat)
193 2037 282 2104 rocol
297 2038 476 2105 visentibus.
525 2039 632 2106 Canes
660 2056 734 2103 veru
757 2050 791 2105 et
810 2037 840 2104 lu
864 2039 874 2104 i
896 2040 939 2104 nb
959 2037 1021 2105 boc
1040 2061 1079 2105 cr
1100 2061 1157 2118 ea,
1191 2039 1288 2105 nteit

168 2062 315 2204 bervius,
352 2123 416 2188 nati
448 2144 520 2187 esse
549 2124 730 2209 finguntur,
762 2145 825 2211 quo
875 2145 914 2189 eu
941 2120 1012 2190 locu
1041 2123 1110 2212 ipsu
1140 2123 1285 2190 monstris

167 2208 308 2275 maximis
329 2206 420 2296 plena
441 2218 532 2290 suut,
569 2221 602 2277 et
637 2205 793 2275 undarum
813 2206 855 2276 sd
873 2231 951 2276 saxa
977 2207 1125 2276 illisorum
1152 2208 1221 2276 soni
1241 2206 1284 2274 lo·

165 2305 285 2362 tratum
304 2293 474 2359 imitantur.

249 2381 299 2446 10.
341 2377 424 2452 Quia
445 2396 520 2442 vero
541 2371 584 2441 de
605 2373 711 2442 Marte
729 2378 875 2466 superius
895 2388 965 2445 urta
984 2386 1034 2445 est
1054 2373 1183 2456 mentio,
1201 2370 1285 2441 idem

122 2459 251 2531 unua
268 2461 317 2530 vel
349 2464 392 2528 ob
421 2461 485 2528 boc
516 2458 604 2548 juxta
639 2459 823 2549 Remigium
855 2461 1013 2531 Gradivus
1040 2459 1172 2541 dicitur,
1211 2459 1283 2549 quia

160 2548 346 2635 gradatim
364 2547 471 2637 pergit
489 2545 521 2612 in
543 2543 713 2635 proelium3
744 2545 792 2614 vel
820 2540 888 2616 u’rrd
903 2551 968 2621 sori
996 2545 1148 2636 γραδεῖν,
1181 2541 1215 2613 id
1235 2555 1284 2610 est

164 2655 185 2698 u
221 2631 414 2699 vibratione
448 2631 588 2712 lraatce;
624 2629 671 2695 vel
699 2630 790 2719 Juxta
829 2631 966 2700 eundem
1001 2628 1158 2699 Gradivus
1192 2628 1282 2718 quasi

161 2727 291 2803 gratus
310 2716 433 2799 divus,
460 2715 495 2782 id
515 2726 583 2792 est,
612 2714 728 2804 inquit,
751 2727 945 2804 potensest
964 2717 1076 2782 divus.
1117 2715 1281 2801 Frequen-

164 2802 225 2868 tius
257 2813 381 2879 tumen,
426 2824 523 2890 quum
561 2801 714 2877 saeviret,
757 2801 933 2883 Gradivus;
971 2822 1067 2889 quum
1098 2797 1280 2885 tranquillus

121 2895 265 2964 aoesset,
293 2883 442 2962 Quirinus
471 2885 645 2954 dicebatur.
694 2886 769 2953 Duo
791 2886 926 2976 denique
946 2909 966 2952 a
987 2884 1139 2951 Romanis
1167 2882 1282 2972 templa

162 2973 294 3053 meruit,
333 2970 466 3040 alterum
496 2972 577 3039 intra
610 2971 741 3053 urbem,
794 2970 860 3037 nasi
889 2982 996 3038 custos
1025 2980 1058 3037 et
1089 2968 1282 3057 tranquillus,

161 3055 295 3124 alterum
325 3068 416 3125 extra
447 3058 577 3135 urbem,
611 3058 701 3144 quasi
730 2995 860 3124 bellator
887 3055 1054 3123 Gradivus.
1083 3053 1280 3121 »Bellantium

161 3153 266 3209 autern
289 3164 403 3209 numen
424 3139 486 3207 dici
516 3139 654 3221 videtur,
689 3142 762 3231 quia
790 3141 877 3217 stella
903 3142 931 3207 ei
964 3138 1133 3230 deputatu,
1169 3153 1280 3227 utpote

161 3229 302 3314 proximo
322 3228 393 3295 loco
420 3249 516 3316 supra
537 3226 636 3294 solem
659 3225 779 3307 locata,
807 3226 1023 3295 ardentissima
1043 3248 1114 3292 esse
1135 3224 1278 3314 perbibe-

116 3324 230 3393 obtur3
269 3323 304 3379 et
337 3313 369 3378 in
403 3313 469 3379 suis
507 3311 667 3378 domiciliis
701 3311 887 3392 constituta,
929 3311 1042 3378 bellurn
1074 3312 1279 3399 praesignare

156 3395 362 3464 existimetur.
403 3395 484 3463 lude
504 3409 539 3464 et
565 3395 732 3464 scorium
766 3399 913 3484 Virgilius
944 3398 1108 3464 ardentem
1134 3394 1278 3486 appellat,

157 3480 245 3569 quod
265 3481 376 3549 Martis
397 3480 540 3549 videlicet
560 3493 610 3550 est
641 3419 839 3548 domicilium.
891 3483 978 3551 Nam
1006 3480 1132 3568 Soorpii
1168 3482 1277 3568 utique

157 3577 282 3654 tempus
315 3564 465 3654 trigidum
493 3577 561 3645 est,
595 3566 712 3655 quippe
739 3567 829 3655 eujus
861 3569 976 3635 mensis
1008 3566 1191 3633 November
1219 3578 1277 3632 est

156 3652 299 3718 Gramen
324 3651 353 3717 ei
382 3649 563 3731 dedicatur,
599 3652 673 3740 quia
700 3650 876 3720 secondum
909 3650 1044 3721 Plinium
1074 3652 1105 3717 in
1133 3648 1277 3718 Naturali

115 3736 298 3804 ‘tuHistoria
317 3757 357 3802 ex
380 3734 516 3801 hnmano
536 3757 650 3803 cruore
671 3747 866 3824 procreatur.
922 3739 982 3805 Est
1009 3748 1114 3804 autem
1143 3757 1275 3824 gramen

155 3822 277 3910 species
299 3820 438 3901 herbae;
470 3819 544 3887 lieet
573 3820 763 3908 generaliter
782 3824 882 3890 omnis
910 3823 1009 3890 herba
1028 3843 1161 3909 gramen
1183 3844 1275 3888 voee-

154 3919 225 3987 tnr3
258 3906 340 3975 siout
369 3906 468 3972 robur
488 3927 582 3970 omne
603 3906 738 3994 lignum,
776 3909 933 3994 quamsit
953 3919 986 3974 et
1007 3907 1138 3995 species.
1180 3904 1275 3973 Uude

154 4003 187 4058 et
206 3991 341 4059 Romani
362 3991 457 4059 moris
478 3990 599 4069 suerat,
640 4013 736 4079 quum
768 3990 810 4058 de
840 4015 875 4058 re
896 3993 1005 4058 bellica
1035 4003 1204 4080 ageretur,
1241 4002 1274 4057 et

153 4077 247 4145 Marti
267 4077 518 4154 sacrificaretur,
551 4096 622 4141 urus
643 4075 837 4144 constituere
856 4080 1044 4181 gramineas.
1094 4079 1119 4143 Δ
1147 4076 1272 4143 Juuone

113 4182 228 4231 nnenm
248 4162 316 4228 sine
337 4163 433 4250 patris
460 4159 649 4228 admixtione
670 4172 778 4228 natum
807 4162 869 4229 dior
899 4163 1061 4249 suspicor,
1100 4163 1174 4250 quia
1205 4162 1271 4251 ejus

153 4246 242 4315 stella
261 4245 289 4314 si
308 4269 366 4335 per
385 4254 515 4331 a‘e'rem,
535 4245 567 4314 id
589 4258 638 4316 est
656 4247 832 4330 lunonem,
862 4248 930 4319 solu
948 4251 979 4316 in
1003 4247 1152 4319 utrolibet
1166 4247 1272 4320 douai-
