2640 5130
242 672 246 681 .
309 614 498 718 maog„
517 615 587 690 ur.
642 614 707 689 c.·
737 615 927 692 rr-rr.
1106 617 1180 692 rar

60 813 93 868 et
113 798 218 868 Dido.
240 798 296 887 qui
316 795 453 866 necdum
473 795 515 863 ad
535 796 605 862 loca
626 810 836 886 pervenerant
846 798 1066 902 purgationis,
1088 797 1183 864 multa

60 884 248 954 circumdati
266 885 378 949 urnbra
398 880 483 971 opud
505 881 622 948 inferos
650 896 724 952 runt
754 885 878 952 iurenu.
922 884 1006 950 Nam
1035 883 1078 949 de
1101 882 1184 950 Pali-

59 993 140 1038 nuro
162 970 313 1056 legimur:
1127 989 1131 1000 ·

403 1052 464 1117 vix
487 1049 600 1118 multu
621 1060 789 1119 etcertum
810 1053 968 1137 coguovit
990 1051 1027 1117 iu
1049 1049 1181 1118 utiabra.

60 1142 106 1208 Et
124 1138 168 1206 de
188 1135 333 1205 Didone:
365 1135 587 1223 Agnovitque
610 1157 675 1224 per
701 1132 859 1199 umbram
888 1133 1075 1202 obscurum.
1115 1137 1206 1204 Oce

60 1225 175 1293 currit:
206 1223 243 1289 Si
263 1243 345 1308 ergo
364 1230 542 1308 purgantur
563 1232 597 1287 et
625 1243 716 1293 suam
743 1229 888 1285 naturam
918 1221 1090 1307 recipiunt,
1125 1243 1182 1288 cur

59 1309 104 1378 ad
132 1329 270 1394 corpora
298 1306 410 1371 reverti
440 1304 567 1372 volnut‘l
616 1303 837 1407 Palingeneaia
871 1325 1023 1392 namque,
1063 1303 1096 1369 id
1133 1318 1183 1374 eet

59 1393 250 1479 multiplex
274 1390 474 1478 generatio,
512 1401 545 1455 et
566 1407 840 1479 praerumpente,
879 1389 911 1454 id
942 1402 991 1456 est
1017 1391 1182 1455 trmuaitio

61 1478 219 1553 animae,
251 1499 270 1540 a
315 1474 451 1562 {erisque
480 1473 736 1563 philosophorum
762 1470 895 1539 traditae
920 1485 1001 1541 aunt.
1051 1473 1181 1553 Potant,

59 1561 223 1712 Ἃηίιιιιῑ,
248 1499 451 1639 oblivionem
484 1557 570 1646 quod
592 1570 624 1625 et
643 1559 746 1648 ipsum
767 1557 951 1644 ambiguum
972 1570 1038 1636 est,
1070 1582 1109 1625 au
1136 1563 1223 1634 ri-10

60 1647 81 1712 d
122 1657 176 1712 cet
195 1646 436 1734 praeteritarum
456 1644 677 1710 obliviscantur
697 1663 888 1744 poenarum,
910 1667 949 1710 an
975 1644 1061 1732 quod
1082 1644 1179 1712 l'uturi

60 1734 122 1798 rint
149 1731 291 1818 Qnarae.
342 1726 533 1797 Deciderant
563 1738 670 1795 autem
698 1749 729 1792 ru
759 1748 893 1815 corpora
920 1730 1043 1796 reverti.
1093 1729 1181 1796 lllam

59 1828 167 1887 autem
186 1814 372 1883 oblivionem
400 1812 514 1900 priori·
542 1811 663 1879 illarum
682 1811 844 1901 perfectae
862 1814 1034 1899 sapientiae
1062 1815 1180 1902 accipi-

60 1924 133 1968 mus
150 1899 408 1978 annullationem,
433 1919 535 2050 gnam
555 1898 587 1962 in
610 1897 767 1964 descensu
794 1920 854 1964 auo
878 1910 911 1964 et
929 1899 1181 1987 incorporatione

61 1986 225 2052 univoeme
246 1986 415 2072 patiuntur.
462 1981 608 2050 ciendum
628 1993 733 2048 tamen
749 1981 924 2048 secundum
944 1985 1092 2066 eosdem,
1116 2006 1220 2055 nauto

58 2092 171 2136 amnes
193 2071 313 2138 animae
337 2065 380 2135 ad
412 2089 545 2156 corpora
565 2067 687 2134 reverti.
727 2065 813 2133 Aliae
834 2067 915 2132 enim
936 2083 1066 2157 propter
1087 2069 1180 2136 ritum

59 2154 173 2222 anala-
195 2154 345 2233 redeunt,
376 2150 456 2219 aliae
479 2163 610 2241 propter
639 2150 695 2218 lati
726 2151 962 2233 neomoimtem3
997 2154 1077 2220 aliae
1107 2175 1180 2220 vero

58 2251 190 2342 propter
217 2240 299 2307 vitae
319 2237 431 2304 merita
450 2259 509 2327 per
535 2236 721 2325 apotheosin
750 2248 913 2304 aeternum
942 2235 1075 2307 deorum
1105 2260 1180 2306 con-

59 2338 191 2392 romum
209 2323 448 2412 adeptnessrnnt

145 2410 197 2475 13.
237 2410 324 2475 Sane
342 2406 416 2496 quia
436 2405 570 2473 animam
585 2425 680 2494 supra
696 2405 830 2477 diximus
845 2406 1062 2487 immortalem,
1082 2432 1223 2497 quae-no

59 2494 140 2561 u'tur
157 2495 242 2562 iuter
261 2493 415 2583 majores,
445 2513 486 2558 an
514 2502 667 2576 generata
697 2494 754 2574 ait,
792 2516 831 2560 an
860 2494 1019 2582 ingenita3
1059 2506 1180 2561 utrum-

58 2601 123 2667 qne
154 2581 237 2647 anim
265 2576 405 2645 Platonis
437 2572 562 2642 videtur
591 2575 724 2643 innuere
751 2580 930 2646 auctoritas.
987 2581 1181 2647 Generatum

60 2660 132 2732 este
156 2665 191 2730 in
215 2663 318 2765 primo
345 2661 486 2741 Timaei,
519 2660 572 2725 ubi
599 2661 658 2727 ait:
687 2663 994 2748 praestantissima
1025 2687 1048 2728 a
1075 2686 1181 2752 prae-

58 2749 277 2815 stantirrrmo
291 2745 393 2833 suctu
414 2755 476 2810 ert.
519 2745 600 2813 Item
619 2744 651 2810 iu
671 2744 832 2814 secundo:
865 2746 1020 2813 universi
1037 2747 1179 2836 generis

57 2844 243 2898 reuoenum
255 2829 407 2918 jactum.
447 2828 521 2896 Non
547 2842 732 2917 generatam
753 2854 827 2898 rero
853 2830 1093 2914 inPhaedone,
1124 2833 1220 2903 abian

58 2916 118 2987 ait:
148 2915 271 2982 auimo
297 2937 404 3004 neque
427 2924 514 2980 ueta
536 2924 605 2989 eat,
637 2925 672 2980 et
695 2926 839 2981 aeterua
866 2924 928 2981 eat.
980 2917 1075 2985 Hanc
1103 2933 1178 2983 cou-

59 2999 244 3070 troverriam
278 2999 325 3066 aio
356 2996 489 3066 solvunt
562 2997 757 3087 Ingenitam,
800 3000 957 3089 inquiunt,
997 3003 1075 3070 dixit
1107 3024 1178 3069 eam

56 3083 132 3153 ideo
151 3083 241 3175 qnod
260 3083 334 3172 lege
353 3104 460 3150 rerum
479 3097 705 3233 penetraturum
732 3106 795 3151 nou
816 3096 940 3165 utatur,
977 3098 1014 3152 ut
1035 3085 1177 3154 videlicet

57 3170 106 3237 rol
126 3167 310 3238 naturaliter
329 3167 375 3237 rel
397 3168 562 3236 actua'ter
582 3167 778 3239 dissolvatur.
828 3171 943 3238 Omnia
971 3171 1052 3238 enirn
1073 3193 1177 3258 gene·

55 3266 145 3335 rau,
184 3267 312 3344 praeter
348 3251 499 3320 muudum
535 3264 569 3320 et
602 3252 720 3336 divina,
755 3255 916 3322 actualiter
947 3254 1218 3335 drachumarm«)

54 3336 194 3408 mundun
215 3361 290 3407 rora
315 3346 348 3406 et
369 3336 472 3404 divina
493 3338 683 3406 naturaliter.
723 3338 807 3406 Nam
826 3339 899 3407 icet
915 3361 1089 3427 numquam
1112 3339 1175 3408 dia·
1231 3335 1249 3346 “

55 3424 216 3494 coluntur
248 3435 380 3503 natura,
415 3435 522 3489 tamen
553 3424 580 3491 ai
609 3420 754 3490 conditor
790 3423 898 3504 vellet,
940 3424 1174 3492 dissolutionem

54 3522 252 3600 paterentur.
294 3505 453 3594 Quicquid
474 3509 556 3575 euim
578 3509 785 3597 compositum
806 3522 873 3592 eet,
901 3507 941 3574 illi
964 3510 1104 3577 naturale
1126 3521 1175 3577 eat

54 3595 192 3663 &solvi
242 3591 323 3660 Ideo
342 3592 441 3680 igitur
459 3593 644 3678 ingenerata
665 3590 749 3661 dicta
769 3605 826 3661 est
879 3595 1071 3661 Generatnm
1097 3617 1174 3663 vero

53 3680 130 3750 ideo
149 3678 265 3757 innuit,
304 3676 391 3767 quod
411 3676 587 3745 secundum
607 3678 721 3745 multos
741 3679 835 3745 etiam
854 3678 921 3766 ipsa
941 3680 1214 3770 praejacentemeo

55 3766 222 3835 materiam
241 3762 326 3851 ὕλην
353 3762 479 3844 habaiu
516 3761 603 3851 quod
632 3763 705 3831 licet
724 3763 818 3830 Plato
849 3787 1001 3854 uunquam
1029 3776 1173 3848 testetur,

10 3932 16 3939 .
53 3873 211 3940 nmquam
229 3859 335 3915 tamen
355 3845 551 3934 contradicit·
797 3926 801 3932 ⁴

141 3936 193 4003 14.
235 3932 393 4001 Dicebam
414 3945 519 4000 umen
551 3929 703 4010 nonnulli,
740 3950 835 3998 uuam
864 3941 983 3999 tautum
1014 3955 1085 4000 ease
1107 3935 1173 3999 uoi-

52 4043 159 4100 ruam,
188 4016 221 4084 id
242 4029 292 4086 eet
312 4015 521 4098 mundanam,
552 4018 651 4084 oolam
673 4016 776 4082 omnia
801 4028 1018 4102 vegetantem,
1052 4030 1084 4085 et
1105 4019 1172 4084 uni·

54 4105 172 4192 cuique
191 4125 250 4192 pro
271 4125 329 4169 sua
351 4103 511 4178 habilitate
540 4102 621 4169 vireo
642 4101 872 4181 conferentem
903 4104 996 4171 stellis
1019 4102 1213 4183 videliacum

53 4213 135 4278 quar
156 4188 289 4254 dirir'raru
312 4189 463 4262 sormam,
483 4185 516 4251 id
538 4198 587 4253 eat
606 4183 791 4264 rotundam,
819 4185 970 4256 habentes
990 4188 1172 4266 invenimus,

55 4286 88 4340 et
108 4273 305 4354 bominibus,
325 4274 378 4360 qui
400 4272 457 4339 soli
481 4273 562 4338 inter
581 4272 704 4339 caduca
729 4271 894 4358 sphaerico
916 4273 1020 4360 capite
1039 4274 1173 4340 divinam

57 4359 190 4425 formam
209 4358 386 4437 imitantur,
421 4357 572 4425 rationem
601 4365 634 4424 et
654 4357 902 4437 sensualitatem
933 4359 1005 4425 licet
1028 4381 1105 4447 prae
1129 4359 1173 4421 ni-

55 4444 119 4511 mia
141 4443 403 4531 contemplatione
434 4442 536 4509 dirina
557 4443 660 4508 anima
688 4441 919 4508 sensualitatem
952 4466 1012 4506 non
1045 4443 1175 4508 multum

55 4542 221 4606 exerceam
263 4528 375 4595 ceteris
404 4550 478 4595 vero
506 4527 712 4595 animantibus
731 4549 859 4596 sensum
880 4540 913 4594 ct
934 4528 1215 4614 vegetationennte

57 4614 222 4681 arboribus
252 4612 419 4681 ethernio
450 4624 570 4682 tantum
608 4612 848 4699 vegetationem.
902 4611 947 4679 Et
982 4613 1065 4679 sicut
1092 4635 1196 4704 unm⁶
