2640 5130
109 280 135 331 Χ
491 276 597 333 ouuts
633 273 869 335 memnon

110 436 187 503 eiua
207 436 317 503 metus
337 446 474 503 aunan
491 448 526 503 et
544 439 689 527 piperus
716 438 882 507 canum
910 446 1022 503 saun
1042 460 1142 529 ιιμι
1159 424 1249 506 no'

111 524 219 625 bosa,
248 524 334 589 sient
360 534 436 625 ante
463 522 630 627 diximus,
670 535 705 591 et
729 548 849 629 panem
875 522 1050 589 caelestem
1066 525 1228 627 ‘accipiunt

109 609 333 673 eoudnnmnz
367 633 446 699 qnia
473 633 534 675 nee
561 634 611 674 na
641 634 703 677 nec
729 610 888 677 andium
913 632 977 674 nee
998 608 1159 699 cupiditas
1177 634 1228 677 sec

111 694 181 759 rin
202 718 263 760 nee
284 694 380 760 dolus
397 694 429 784 a)
456 706 507 759 est
524 696 612 784 apud
632 695 713 761 illos
727 720 789 763 nec
806 694 951 784 ,aliquod
970 693 1107 793 nunu.

192 808 228 871 9.
272 806 336 870 llis
363 805 488 870 adiacet
510 808 600 897 regio
623 806 757 897 Dymp,
790 828 887 896 quam
917 816 1039 895 regunt
1056 805 1222 875 inhabitan-

109 904 179 993 tes,
209 890 373 980 quomodo
395 901 429 955 et
449 891 560 957 vieini.
603 892 665 958 Est
691 904 798 958 autem
828 892 908 957 bace
928 892 1022 983 regio
1062 890 1120 959 GC
1150 914 1224 957 nan·

110 1000 255 1041 saonam.
1010 1004 1013 1009 ·

108 1171 119 1188 .
191 1088 268 1189 1⁰..
290 1086 371 1152 Post
391 1089 471 1155 bace
491 1113 572 1179 gens
593 1113 677 1192 quae
695 1087 878 1189 appellatur
903 1086 1081 1190 §.huncum
1101 1086 1151 1191 »ᾗ
1166 1108 1222 1189 'cr-

107 1196 159 1236 ms
179 1174 329 1239 hommes
350 1174 464 1239 eodem
485 1176 581 1241 modo
612 1184 759 1241 virentes
779 1174 821 1238 ad
840 1172 1091 1239 simrhtndmem
1117 1192 1220 1239 nens

105 1269 285 1409 &nest
306 1258 395 1361 enim
413 1269 494 1349 aput
514 1284 572 1327 eos
593 1261 784 1327 indifferens
803 1257 880 1325 rita.
936 1256 1098 1325 Habitant
1123 1267 1222 1323 term

268 1369 484 1413 mansionum.

190 1458 245 1522 ss.
289 1456 420 1525 Deinde
446 1458 533 1523 Dira
552 1456 583 1549 c)
610 1454 713 1547 gens,
743 1482 827 1549 quae
848 1454 1001 1522 similiter
1020 1479 1040 1521 a
1060 1452 1218 1523 maioribus

103 1540 249 1632 regitur,
277 1542 402 1608 babens
422 1554 540 1609 terram
569 1544 775 1609 mansionum
818 1539 955 1608 CCXX.

190 1659 244 1723 12.
289 1656 446 1746 Sequitur
461 1654 554 1723 India
574 1656 698 1739 nidor,
732 1655 819 1720 unde
851 1653 992 1718 sericum
1011 1646 1043 1743 ἃ)
1076 1660 1111 1716 et
1129 1647 1219 1717 onn‘!

103 1742 287 1809 necessaria
317 1744 408 1807 exire
432 1741 595 1806 dicuntur.
638 1740 685 1805 lli
718 1740 869 1805 similiter
894 1735 1121 1827 proximorum
1145 1756 1219 1801 more

102 1830 271 1911 virentes,
295 1828 380 1893 bene
400 1828 500 1892 transi
547 1836 602 1910 nt,
634 1836 667 1891 et
686 1825 833 1891 habitant
851 1834 952 1888 terras
972 1845 1107 1914 magnas
1128 1833 1159 1887 et
1174 1818 1219 1884 bo·
1240 1830 1243 1837 '

101 1938 162 1979 nas
198 1914 403 1979 mansionum
444 1911 552 1976 CX„
604 1910 735 1995 Quibus
762 1911 887 1975 adiacet
919 1908 1000 1973 soris
1027 1932 1094 1975 una
1182 1904 1219 1987 ’,

127 2024 187 2065 uae
209 1999 330 2064 dicitur
350 2000 451 2063 sortes
472 1997 591 2062 babere
606 1998 694 2063 viros
715 2007 749 2062 et
767 1996 860 2063 valde
881 1994 1100 2061 industriosos
1117 1992 1151 2059 in

100 2023 167 2166 iis,
189 2083 277 2149 etin
298 2082 452 2148 omnibus
472 2083 590 2148 utilese
622 2082 709 2146 unde
729 2081 823 2146 India
843 2078 950 2144 minor
970 2081 1056 2168 petit
1075 2078 1221 2146 anxilio·

127 2170 257 2235 uoticns
279 2168 311 2233 ei
328 2194 347 2233 a
369 2167 479 2232 Persis
500 2167 623 2232 bellum
644 2177 811 2233 moretum
840 2164 899 2253 qui
926 2166 1081 2231 omnibns
1109 2162 1221 2231 habu!-

101 2193 201 2338 dant,
227 2264 260 2318 ct
280 2254 428 2319 habitant
447 2262 564 2317 terram
605 2252 663 2317 CL
712 2240 926 2317 mansidnnm.

184 2366 237 2430 13.
282 2364 362 2430 Post
381 2367 442 2431 hos
471 2376 521 2430 est
547 2365 639 2431 India
668 2367 795 2450 minor,
828 2364 923 2431 cuius
954 2383 1036 2449 gens
1065 2359 1222 2451 regituaa

98 2449 288 2516 maioribus.
343 2450 405 2515 Est
431 2460 538 2515 autem
573 2462 653 2541 aput
693 2477 750 2517 eos
781 2452 1028 2538 elephantorum
1060 2446 1222 2511 innumera

97 2535 284 2600 multitudo.
327 2535 383 2599 Ab
403 2536 454 2600 his
477 2536 596 2602 Persae
616 2537 782 2627 accipiunt
799 2536 1009 2624 elephantos=
1032 2540 1066 2596 et
1087 2530 1224 2597 habitant

98 2632 217 2687 terram
258 2619 326 2685 XV
346 2621 562 2686 mansionum.

182 2734 238 2799 ld.
283 2734 364 2799 Post
399 2735 459 2799 bos
498 2744 576 2799 sunt
609 2733 729 2798 Persae
768 2732 925 2798 Romanis
957 2729 1223 2819 propinquantes,

98 2842 183 2909 qnos
217 2820 370 2886 historiae
399 2819 529 2884 trudunt
561 2818 719 2908 pessimos
752 2842 824 2883 csse
852 2831 885 2883 et
918 2818 1018 2881 fortes
1048 2815 1084 2879 in
1117 2814 1222 2895 bellis,

98 2905 246 2994 quinon
267 2916 497 2996 cognoscentes
519 2904 707 2995 dignitatem
734 2914 889 2984 naturae,
918 2900 1014 2967 sicuti
1044 2909 1136 2965 muta
1158 2898 1224 2967 nni·

98 2991 217 3073 maiia,
239 2992 402 3075 ‚manuus
436 3001 469 3055 et
496 2990 663 3055 sororibus
692 2988 832 3054 nefando
854 2984 1029 3055 concubitu
1051 2984 1222 3051 sociantur.

97 3074 181 3142 Data
201 3078 397 3182 propinquis
418 3076 570 3165 gentibus
591 3084 749 3166 potestate
778 3073 924 3164 negotii,
957 3070 1055 3139 bonis
1076 3070 1224 3137 omnibns

98 3159 288 3228 habundare
310 3164 472 3230 videntur.
1207 3230 1211 3239 Ι

181 3273 235 3338 db.
279 3274 342 3340 llis
378 3277 520 3342 sociatur
554 3271 787 3338 Saracenorum
820 3292 915 3357 gens,
945 3290 1022 3332 arcu
1044 3278 1078 3332 et
1105 3266 1225 3372 rapinis

95 3355 195 3420 vitam
216 3382 307 3423 suam
328 3362 534 3451 transigens,
561 3358 619 3447 qui
640 3354 764 3420 similes
786 3353 898 3420 Persis
926 3354 969 3417 im
997 3354 1020 3418 ii
1045 3363 1079 3417 et
1098 3377 1223 3443 peiores

97 3451 194 3525 sunt,
224 3446 418 3532 sponsiones
450 3469 518 3511 non
539 3441 758 3517 custodientes
789 3464 898 3528 neque
920 3377 1001 3503 belii
1021 3462 1130 3530 neque
1150 3440 1224 3506 alte·

98 3525 167 3591 rius
192 3530 336 3619 negotii3
359 3530 480 3620 quibus
501 3529 655 3595 mulieres
677 3525 836 3613 imperare
857 3526 1022 3602 dicuntur.

180 3641 235 3706 16.
279 3640 359 3708 Post
398 3644 459 3708 hos
495 3653 655 3707 terrarum
696 3649 879 3704 nostrarum
924 3645 1081 3701 secuntur
1122 3634 1223 3700 initia.

97 3721 209 3791 Habes
241 3748 318 3817 ergo
346 3728 382 3793 in
409 3728 525 3817 primis
557 3725 825 3825 Mesopotamiam
857 3734 890 3787 et
920 3722 1134 3786 Osdrotnam.
1185 3719 1227 3784 Et

97 3807 332 3901 Mesopotamia
355 3815 488 3903 quidem
508 3811 606 3876 habet
629 3809 774 3875 civitatcs
793 3811 912 3874 multas
939 3819 972 3872 et
992 3806 1118 3888 varias,
1151 3828 1225 3908 qua·

97 3916 170 3961 rum
193 3900 390 3966 excellentes
415 3900 586 3977 menthae,
609 3892 736 3960 Nisibis
765 3905 799 3960 et
817 3892 953 3976 Edessa,
983 3915 1066 3980 quac
1087 3914 1224 3957 maxime

168 4093 199 4155 a)
217 4091 285 4147 Cod.
304 4090 387 4146 dolor.
422 4092 476 4146 Sed
494 4108 534 4162 gr.
551 4084 647 4141 δόλιον.

169 4163 200 4227 b)
237 4163 277 4215 lte
294 4164 353 4218 eod.
365 4165 490 4218 cavensis·
527 4165 563 4218 ht
581 4161 721 4214 iurctIauus
739 4161 856 4210 laneum.

98 4308 142 4360 m·
168 4234 299 4361 iiiam,
316 4252 356 4305 gr.
374 4234 454 4302 Assia.
478 4306 481 4317 Ι
567 4232 599 4300 d)
634 4231 702 4287 cod.
726 4230 840 4284 cavensis
856 4224 980 4292 siricum
1003 4225 1059 4281 cod.
1083 4224 1160 4281 toret.
1185 4242 1226 4292 gr.
