2640 5130
324 1361 763 1447 Minnodunum
803 1360 1040 1440 TERTIUS.

80 1590 100 1625 ⁰
287 1611 343 1679 De
371 1612 443 1680 diis
469 1613 631 1701 gentium
660 1625 696 1680 et
724 1612 865 1679 illorum
886 1609 1080 1701 allegoriis.

541 1914 834 1990 Prooemium.

208 2038 285 2109 Fuit
321 2038 353 2106 in
383 2040 531 2141 Aegypto
566 2039 612 2106 uir
647 2038 835 2120 ditissimus,
873 2035 998 2108 uoffiue
1034 2041 1061 2108 S
1098 2036 1248 2130 ophunes.

28 2176 34 2187 ,
100 2122 191 2193 ⁶Hic
208 2123 317 2194 habuit
330 2122 425 2193 filium
440 2122 646 2211 umgenitum,
667 2148 761 2213 quem
778 2122 944 2193 immodice
956 2125 1055 2213 diligo
1077 2138 1118 2193 at.
1160 2126 1249 2193 Cou-

124 2213 196 2362 tipit
216 2211 311 2277 fllium
333 2210 421 2277 mori.
447 2210 525 2298 Ejus
546 2209 745 2277 simulacrum
765 2224 858 2360 pater
873 2231 951 2297 prae
963 2211 1058 2277 nimio
1074 2210 1248 2277 dilectionis

125 2321 143 2362 u
170 2309 241 2364 ectu
264 2297 295 2361 in
317 2294 449 2363 aedibus
470 2294 534 2361 suis
556 2293 731 2376 constituit3
789 2316 904 2383 umque
932 2296 1077 2364 tristitiae
1096 2296 1250 2383 quaesivit

125 2380 315 2456 remedium,
343 2381 540 2446 seminarium
563 2379 667 2468 potius
689 2378 806 2447 doloris
825 2378 948 2448 invenit
990 2381 1136 2470 Denique
1155 2381 1249 2446 simu-

127 2467 245 2531 luorum
265 2463 338 2530 illud
361 2467 494 2533 εἴδωλον
522 2463 640 2532 dictum
666 2479 731 2544 est,
767 2463 853 2553 quod
883 2486 940 2532 nos
962 2465 1077 2533 Latine
1104 2465 1250 2553 speciem

88 2551 259 2615 ¹⁰doloris'
289 2549 430 2617 dicimus.
472 2550 607 2633 Jamque
631 2550 777 2617 universa
802 2549 919 2616 domini
941 2551 1056 2617 familia
1074 2550 1106 2615 in
1134 2548 1251 2614 domini

126 2633 337 2702 adulationem
358 2656 493 2700 coronas
520 2634 686 2700 simulacro
716 2635 910 2723 plectebant,
945 2638 1040 2704 flores
1062 2633 1251 2713 offerebant,

128 2717 587 2787 odoramentasuccendebent.
596 2720 658 2784 Rei
667 2718 1252 2807 etiamadsimulacrumconfugientes,

128 2804 249 2870 reniam
271 2829 291 2873 u
316 2804 442 2872 domino
463 2803 569 2894 adepti
598 2817 688 2884 stunt,
722 2805 922 2956 veneratipue
948 2818 1022 2875 sunt
1047 2804 1120 2870 illud
1148 2803 1251 2890 magis

130 2890 249 2958 timoris
270 2890 387 2957 affectu
409 2913 503 2977 qnam
523 2889 654 2969 umoris;
691 2891 776 2970 unde
802 2903 836 2958 et
879 2892 976 2958 ictum
1004 2903 1068 2959 est:
1106 2891 1253 2955 Primus

90 2975 169 3039 rain
192 2971 270 3038 orlre
287 2973 369 3043 deos
392 2973 484 3062 jecit
510 2975 625 3039 tieror.
673 2974 797 3042 Exhinc
822 2975 1012 3044 inveteratus
1034 2995 1124 3042 error
1142 2973 1254 3039 huma-

131 3081 188 3125 nus
208 3060 240 3124 in
270 3056 424 3126 idolorum
445 3057 531 3125 cultu
553 3059 670 3149 ubique
699 3042 843 3163 gentium
871 3063 975 3151 coepit
1000 3059 1140 3127 diffundi.
1183 3057 1255 3122 Nec

129 3157 235 3211 tamen
266 3142 428 3211 uniuersos
457 3142 571 3211 eadem
598 3143 724 3213 involet
750 3145 886 3224 inscitia,
926 3170 986 3212 noc
1014 3145 1144 3213 eosdem
1176 3142 1254 3209 ritus

130 3229 235 3296 cuncti
264 3226 462 3318 recipiendos
500 3242 700 3313 censuerunt.
757 3231 839 3297 Nam
876 3230 1067 3320 philosophi,
1121 3250 1255 3317 quornm

129 3316 160 3380 in
193 3315 349 3403 plerisque
375 3314 424 3382 rel
454 3314 591 3382 veritatis
620 3315 699 3382 siam
728 3315 775 3382 rel
802 3316 930 3385 rationis
956 3317 1160 3384 assertionem
1193 3326 1257 3380 tra-

88 3399 211 3467 2⁰didit
232 3399 422 3481 auctorltus,
453 3420 548 3467 uuum
569 3397 678 3467 dicunt
697 3396 795 3467 deum
813 3424 901 3485 esse,
929 3403 1006 3469 caeli
1029 3414 1062 3467 et
1081 3416 1186 3467 terrac
1205 3419 1257 3462 re·

131 3507 265 3572 rumque
282 3486 421 3553 omnium
441 3481 552 3574 procul
573 3483 670 3553 dubio
691 3497 877 3554 creatorem.
924 3487 990 3553 Hic
1018 3500 1121 3553 tamen
1144 3484 1183 3548 ub
1203 3483 1258 3547 iis-

78 3646 81 3654 !
134 3570 206 3636 dem
228 3591 286 3657 pro
314 3567 473 3659 multiplici
503 3568 724 3658 dispositione,
765 3593 828 3659 qua
853 3571 982 3638 diversis
1012 3570 1113 3638 modis
1137 3568 1260 3655 regitur

132 3654 285 3737 mundus,
313 3656 404 3722 variis
429 3656 504 3724 item
526 3657 683 3723 vocabulis
711 3681 729 3723 a
754 3657 891 3743 pellatur.
941 3657 1066 3723 Dicitur
1095 3654 1176 3720 enim
1205 3651 1258 3718 Vi-

134 3755 278 3820 tumnus,
299 3741 385 3828 quod
405 3740 515 3805 vitam
537 3755 692 3828 praestet:
741 3743 879 3820 entinus,
901 3741 988 3829 qood
1009 3763 1155 3804 sensum.
1195 3738 1260 3802 Vo-

91 3837 226 3890 tocntur
244 3827 331 3891 Joris
350 3828 413 3890 sive
433 3825 580 3913 Juppiter
600 3829 631 3892 in
654 3827 800 3905 aethere,
828 3830 913 3892 Juno
933 3828 964 3892 in
986 3831 1077 3901 aire,
1105 3823 1208 3888 Diana
1228 3823 1261 3901 in

136 3924 238 3988 terra3
268 3911 428 3996 multaque
453 3922 527 3976 sunt
548 3911 607 3976 alin
638 3911 777 4000 ejusdem
801 3912 851 3976 dei
879 3925 1039 4000 tamquam
1060 3909 1263 3996 plurimorum

135 3995 296 4061 uocabula.
352 3996 545 4082 Plerumque
569 4006 603 4062 et
630 4019 710 4062 unus
738 3997 885 4083 idemque
913 4021 975 4062 non
1004 3995 1105 4062 solum
1134 3991 1263 4058 diversis

137 4081 331 4231 goritiuihus,
353 4081 411 4148 sed
433 4079 571 4147 stratio
594 4104 672 4147 sexu
692 4082 807 4149 dicitur
822 4084 915 4173 juxte
934 4082 1002 4149 illos
1022 4102 1129 4146 versus
1148 4075 1265 4144 Valerii

164 4187 285 4236 errant:
654 4185 656 4189 ’

93 4273 130 4321 ³⁰
219 4267 385 4354 Iuppiter
404 4264 637 4353 omnipotens,
668 4289 783 4335 rerum
805 4291 993 4359 regumque
1013 4277 1177 4354 repertor,

219 4351 454 4439 progenitor,
471 4348 699 4437 genitrixque
719 4350 839 4435 desim,
858 4355 943 4419 deus
964 4377 1055 4431 urrua
1077 4361 1110 4417 et
1133 4349 1234 4414 idem.

39 4503 41 4507 a
125 4449 231 4519 Unde
253 4465 302 4518 est
324 4462 357 4518 et
376 4448 428 4518 illa
446 4449 534 4519 Jovis
555 4450 673 4517 oratio:

222 4552 430 4627 Caelicolae,
466 4573 543 4617 mea
564 4548 733 4636 membre,
767 4551 838 4638 dii,
871 4575 954 4644 quoe
975 4564 1095 4621 nostre
1113 4560 1267 4640 potentes

221 4636 356 4728 Officiis
379 4636 517 4704 diversa
532 4634 641 4723 lucit.
