2640 5130
62 270 132 344 aa.
367 265 608 373 usstass.
672 265 908 371 stupeo„

62 467 98 523 et
127 451 288 545 proprium
319 470 435 518 nomen
467 450 564 518 fluvio
599 447 697 520 dedit
756 449 851 519 Unde
881 450 977 520 mixta
1008 449 1090 517 baec
1112 447 1188 518 duo

62 542 190 607 nomina
214 539 297 609 inter
317 537 399 604 Sulis
426 535 522 602 lilium
544 547 578 605 et
597 537 727 603 fluvium
753 530 935 604 invenimus.
977 535 1097 604 Postea
1118 536 1188 628 ejas

63 647 208 702 sorores,
237 623 421 690 Phaethusa
444 631 477 689 et
495 621 711 709 Lampetusa,
742 621 848 693 flendo
869 623 901 688 in
924 622 1057 712 populos
1077 644 1189 689 versae

63 724 146 778 sunt.
194 708 270 775 Huc
294 708 342 774 ira
369 718 546 774 commotus
566 711 591 773 Α
615 708 692 788 olla,
720 707 828 774 fabros
850 707 1001 787 Sicanos,
1028 708 1101 774 lori
1129 707 1189 774 ful-

39 797 147 862 busina
175 793 346 874 facientes,
370 791 537 860 interfecit.
580 730 785 883 daapropter
805 792 846 857 Ju
872 794 953 880 piter
979 815 1052 860 eum
1079 791 1190 861 divini·

63 893 130 949 tate
157 879 261 962 exuit,
293 888 367 946 eta
393 875 482 943 caelo
509 875 635 969 dejecit
677 878 742 954 Qui
769 815 916 971 expulsus
945 881 1041 946 boves
1063 877 1188 948 Admeti

62 966 151 1052 regis
179 985 238 1054 per
264 974 400 1052 quatuor
426 983 526 1030 annos
554 965 639 1052 parit
659 985 756 1054 super
777 963 934 1033 Eurotam
956 965 1102 1045 flurium,
1132 965 1188 1035 nbi

63 1072 159 1138 quam
180 1048 287 1138 plures
310 1048 421 1115 babuit
439 1047 529 1116 filios.

105 1316 107 1321 Ι
304 1210 395 1289 119.
447 1212 706 1311 Mercurius
737 1216 943 1319 etMnja.

22 1357 57 1405 ro
105 1334 107 1339 ’
148 1340 296 1496 luppiter
317 1342 420 1446 jacuit
446 1341 479 1408 in
501 1341 635 1432 Cyllene
661 1358 770 1414 monte
797 1368 870 1414 cnm
890 1341 993 1434 Maja,
1023 1351 1058 1411 et
1081 1340 1193 1412 babuit
1226 1414 1229 1419 ,

63 1427 161 1495 lilium
229 1448 408 1507 ercurrnm,
450 1448 546 1516 quem
575 1428 661 1494 Juno
696 1431 742 1500 ita
773 1429 899 1512 dilexit,
942 1426 1029 1517 quod
1060 1428 1192 1518 propria

62 1536 200 1582 mamma
229 1533 302 1580 eum
328 1511 470 1593 lactarit,
501 1523 535 1580 et
563 1525 665 1581 artem
690 1515 846 1591 medicam
872 1514 1047 1584 insinuavit.
1089 1514 1198 1583 Pater.

63 1623 138 1666 vero
160 1597 291 1668 tradidit
310 1599 340 1665 ei
361 1599 483 1685 virgam
504 1596 697 1684 caduceam3
727 1624 790 1691 qua
811 1603 838 1670 ai
859 1624 954 1693 quem
975 1598 1189 1686 expressiori

63 1697 156 1773 parte
182 1708 203 1752 a
230 1683 333 1772 capite
360 1694 528 1771 tangeret,
562 1697 757 1768 morerstur;
795 1710 892 1777 quem
921 1708 996 1753 vero
1024 1708 1045 1752 a
1072 1683 1189 1764 subtili,

23 1772 191 1842 uviverat
231 1769 409 1838 Mercurius
431 1768 521 1871 quasi
545 1768 680 1835 medius
705 1793 848 1838 currens
861 1771 985 1839 dicitur
1005 1769 1190 1858 appellatus,

64 1854 152 1946 quod
172 1875 277 1923 sermo
298 1865 420 1919 currat
442 1867 524 1920 inter
543 1850 686 1927 homines
709 1855 861 1937 medius3
886 1855 972 1924 unde
993 1868 1026 1921 et
1046 1855 1136 1922 velox
1158 1864 1192 1921 et

64 1962 174 2009 errans
199 1938 366 2006 inducitur.
408 1937 484 2004 ttae
512 1937 579 2029 ejus
603 1939 635 2005 in
659 1940 765 2028 capite
787 1952 820 2008 et
846 1942 878 2009 in
928 1940 1039 2008 edibus
1066 1940 1191 2027 signifi-

65 2038 158 2105 cant,
193 2025 352 2092 volucrem
382 2021 457 2090 ferri
484 2045 544 2109 per
572 2029 648 2090 abra
677 2046 855 2093 sermonem
921 2026 1038 2094 untiunr
1072 2024 1191 2103 dicunt,

65 2111 214 2201 quoniam
246 2126 304 2199 per
341 2128 518 2175 sermonem
551 2109 655 2175 omnia
687 2111 829 2196 cogitata
860 2113 1049 2180 nuntiantur.
1086 2108 1192 2192 ‚Ideo

23 2209 173 2266 sonarem
197 2195 276 2264 furti
301 2192 489 2280 magistrum
515 2190 642 2274 dicunt,
677 2196 751 2284 qnia
778 2219 884 2265 sermo
912 2199 1033 2264 animos
1060 2195 1192 2263 audien-

64 2281 142 2351 tium
176 2279 261 2349 fallit
313 2280 378 2346 'lfrr
403 2301 454 2345 am
485 2288 591 2360 tenet,
621 2301 684 2367 qua
717 2293 884 2369 serpentes
914 2281 1041 2360 dividit,
1075 2280 1109 2346 id
1143 2291 1193 2348 est

64 2387 204 2434 venena:
242 2386 314 2432 uam
343 2299 492 2431 bellantes
523 2385 564 2431 ac
593 2362 781 2433 dissidentes
810 2367 1017 2457 interpretum
1047 2365 1192 2433 oratione

64 2450 224 2524 sedantur.
266 2447 372 2528 Unde,
393 2446 568 2515 secundum
584 2449 718 2530 Livium,
740 2451 838 2539 lopati
858 2454 946 2542 pacis
964 2451 1193 2518 caduceatores

65 2537 222 2604 dicuntur.
275 2536 367 2602 Sicut
397 2535 480 2602 enim
513 2555 573 2622 per
599 2534 729 2603 feciales
761 2537 841 2603 bella
870 2537 1107 2617 indicebantur,
1147 2537 1193 2603 ita

22 2642 125 2712 aspar
151 2642 209 2711 per
235 2619 464 2689 caduceatores
489 2620 595 2687 fiebat
636 2621 775 2689 Hermes
798 2633 903 2690 autem
927 2622 1041 2689 dicitur
1064 2623 1193 2688 Graece

64 2703 135 2778 α’πὸ
166 2708 228 2787 τῆς
261 2707 461 2795 ἑρμηνείας,
500 2704 617 2772 Latine
647 2705 812 2796 interpres.
875 2709 938 2784 Qui
971 2709 1012 2773 ob
1046 2707 1192 2774 virtutem

64 2793 296 2881 multarumque
326 2791 440 2858 artium
467 2789 632 2859 scientiam
652 2791 980 2881 Trismegistus,
1009 2791 1042 2857 id
1069 2804 1119 2859 est
1142 2805 1195 2858 ter

63 2880 238 2958 maximus,
274 2876 453 2943 nominatus
485 2886 543 2942 est.
602 2874 673 2941 Cur
704 2890 810 2944 autern
841 2900 914 2944 eum
946 2879 1050 2980 capite
1080 2878 1194 2943 canino

64 2967 207 3052 lingunt,
236 2960 318 3029 baec
338 2962 419 3029 ratio
440 2959 573 3041 dicitur,
601 2959 688 3048 quod
712 2962 794 3029 inter
814 2965 920 3032 omnia
944 2962 1086 3029 animalia
1107 2962 1195 3031 canis

23 3048 303 3138 aoaagacissimum
324 3068 428 3134 genus
449 3058 483 3116 et
502 3044 667 3137 perspicax
688 3047 850 3116 babeatur.

115 3210 208 3288 120.
261 3213 437 3290 Semele
467 3226 511 3290 et
540 3212 673 3287 filius
702 3213 802 3315 ejus
831 3211 971 3286 Liber
999 3222 1143 3308 pater.

147 3342 212 3431 Jup
234 3341 294 3410 iter
316 3364 389 3408 cum
408 3340 535 3409 Semele
555 3338 741 3418 concubuit,
769 3337 812 3404 de
833 3360 897 3441 qua
917 3349 1009 3404 natus
1032 3344 1080 3405 est
1097 3337 1196 3404 Liber

64 3439 164 3515 pater.
207 3365 256 3494 dd
285 3450 380 3516 quam
406 3450 480 3493 cum
509 3424 636 3493 fulmine
665 3424 812 3504 veniens,
842 3424 891 3489 rlla
923 3423 1054 3510 crepuit.
1096 3421 1196 3488 Unde

65 3525 156 3599 pater
185 3534 318 3601 puerum
349 3510 479 3589 totiens,
520 3513 552 3577 in
586 3512 707 3576 femore
738 3532 796 3574 suo
830 3509 931 3589 misit;
972 3520 1044 3596 post
1071 3507 1199 3573 Maroni

23 3596 268 3666 annutriendum
292 3595 390 3664 dedit.
438 3597 503 3663 Hic
522 3595 644 3662 Indiam
671 3592 853 3674 debellavit,
882 3606 916 3659 et
937 3594 1018 3661 inter
1039 3592 1118 3658 deos
1141 3592 1199 3658 de·

63 3694 195 3769 putatus
223 3693 281 3748 est.
327 3680 442 3768 Itaque
464 3703 536 3748 cum
557 3680 685 3748 Semele
712 3691 848 3767 quatuor
872 3702 1000 3746 sorores
1023 3677 1200 3768 appellatae

62 3781 155 3848 sunt,
186 3769 262 3847 luo,
291 3766 453 3847 llutonob,
474 3767 609 3846 {Semele
637 3776 670 3832 et
694 3767 821 3851 Agav03
857 3787 941 3852 quae
965 3768 1073 3849 Agave
1103 3776 1201 3853 caput

62 3852 117 3918 tuti
144 3853 294 3920 violenter
322 3850 464 3919 abscidit
515 3851 589 3920 Hae
613 3860 749 3939 quatuor
776 3871 903 3918 sorores
924 3850 1074 3916 Bacchae
1094 3847 1200 3916 dictae

65 3948 154 4018 sunt,
190 3950 223 4005 et
243 3937 375 4025 mystice
402 3959 459 4024 por
486 3935 543 4003 bas
567 3948 704 4025 quatuor
731 3936 890 4002 ebrietatis
919 3957 1041 4022 genera
1068 3936 1200 4022 signan-

24 4034 134 4099 rotor,
166 4023 200 4091 id
220 4036 270 4091 est
288 4021 472 4102 vinolentia,
504 4021 637 4103 oblivio,
665 4019 782 4097 libido,
811 4021 940 4088 insanin.
982 4023 1067 4087 Juno
1089 4033 1199 4087 autem

66 4121 248 4194 suspectam
279 4107 413 4175 eandem
442 4107 619 4183 Semelem,
661 4106 777 4171 Cadmi
806 4119 839 4173 ot
869 4107 1061 4172 Hermiones
1092 4106 1199 4186 filiam,

66 4216 163 4282 quum
190 4197 341 4268 baberet,
372 4193 458 4280 quod
483 4216 556 4261 cum
575 4194 656 4260 Jove
679 4194 921 4269 concubuisset,
950 4193 981 4258 in
1006 4213 1100 4257 anum
1123 4214 1201 4257 con-

67 4300 176 4365 versa,
204 4283 266 4351 bac
288 4281 427 4360 fallacia,
457 4293 492 4350 st
511 4303 548 4348 se
568 4280 610 4346 ab
632 4275 747 4346 invidia
775 4279 960 4368 cujusquam
984 4277 1200 4346 ulcisceretur.
