2640 5130
933 364 944 377 0

143 654 220 729 ue
420 655 600 761 amaea.
626 653 679 729 u.
732 651 987 730 sur-sas.

536 837 627 915 121.
680 836 872 919 Venus.

226 972 370 1043 indicato
400 977 499 1066 igitur
515 999 537 1044 a
556 976 636 1045 Sole
655 977 813 1047 adulterio
832 977 944 1047 Martis
964 989 1001 1048 et
1019 978 1152 1048 Veneris
1196 981 1272 1049 Vul-

143 1080 241 1131 canus
262 1061 472 1165 minutissimis
492 1062 701 1132 adamantinis
721 1065 841 1132 catenis
858 1062 1007 1133 lectulum
1021 1067 1135 1145 cinxit,
1157 1029 1271 1153 lpuibus

141 1145 228 1214 Mars
255 1157 288 1213 et
307 1146 414 1245 Venus
437 1161 624 1235 muorantes
651 1148 807 1238 impliciti,
836 1160 870 1218 et
892 1162 1080 1218 cunctorum
1100 1153 1160 1219 sub
1183 1154 1271 1218 testi-

117 1231 247 1299 omonio
268 1230 401 1299 deornm
422 1254 495 1298 cnm
523 1231 657 1321 ingente
681 1233 875 1323 turpitudine
895 1233 1023 1302 resoluti
1046 1248 1128 1304 sunt
1172 1237 1270 1311 Quod

142 1317 259 1419 sautans
281 1317 388 1420 Venus
416 1317 619 1387 roherneuter
645 1315 771 1398 dolens,
797 1320 926 1409 stirpem
947 1342 1071 1388 omnem
1094 1320 1176 1387 Solis
1195 1343 1269 1408 per-

141 1424 232 1506 sequi
250 1400 385 1469 rolandus
406 1402 564 1470 amoribus
585 1405 700 1492 coepit
739 1404 860 1491 Igitur,
884 1427 924 1472 ea
943 1404 1148 1484 incendente,
1170 1412 1268 1493 'quum

141 1486 319 1576 Pasiphae,
341 1486 424 1554 Solis
445 1487 525 1569 iilia,
546 1486 660 1590 lllinois
680 1488 767 1576 regis
788 1490 907 1558 (iratae
926 1511 1023 1569 uxor,
1054 1491 1136 1593 tauri
1158 1512 1267 1555 eruore

102 1570 562 1761 ,latttttntt‘tltlssl
575 1585 812 1755 Mittam
826 1572 1268 1742 ,ltlttnfflatrlss‘ltt

143 1734 218 1808 rude
238 1740 435 1822 Minotauro,
454 1742 509 1831 qui
527 1752 609 1811 rutra
628 1741 838 1833 labyrinthum
858 1744 1014 1826 inclusus,
1034 1744 1177 1814 humanis
1198 1766 1269 1810 car-

144 1824 236 1899 nibus
267 1828 463 1895 vescebatur.
513 1820 583 1894 nea
619 1824 723 1896 Minos
759 1826 802 1896 de
832 1828 993 1921 Pasiphae
1018 1828 1128 1900 habuit
1153 1830 1269 1896 liberos

143 1910 270 2001 plnres,
292 1904 517 2001 Androgeum,
542 1906 720 1997 Ariadnen,
747 1910 941 1983 Phaedram.

479 2117 574 2197 122.
626 2120 927 2227 Androgeus.

101 2259 137 2312 aa
227 2246 297 2316 And
309 2268 417 2337 ogeru
444 2266 542 2400 rpuum
571 2246 689 2319 athleta
715 2249 903 2321 sorduimus
933 2258 1036 2328 esset,
1073 2258 1270 2336 cannasque

141 2332 360 2484 indagonppus
387 2334 481 2484 ερίιἮ
500 2332 638 2402 Athenas
664 2346 846 2427 superaret,
883 2332 925 2403 ab
960 2332 1203 2436 Atheniensibus
1236 2346 1270 2399 et

141 2441 182 2569 lb
203 2438 248 2570 lll
267 2502 299 2606 ip
312 2438 788 2585 Θ1111111111’111111ῗί1ωὲ0111111
809 2416 1268 2581 gicip'prmerepp,3plrpprp1pppp

140 2598 233 2676 pater
259 2608 344 2677 quus,
381 2586 509 2670 dolens,
545 2586 683 2658 collectis
718 2591 863 2672 naribus,
900 2588 980 2658 bella
1013 2588 1197 2656 commorit:
1233 2600 1268 2654 et

99 2672 230 2740 aurietis
253 2672 493 2741 Atheniensibus
515 2694 648 2763 poenam
669 2674 752 2743 hanc
778 2670 956 2755 constituit,
985 2685 1023 2742 nt
1045 2673 1175 2762 siugulis
1197 2672 1267 2760 qui-

141 2759 264 2845 busque
291 2759 379 2825 annis
400 2758 462 2824 Vll
492 2759 534 2824 de
561 2757 651 2845 libra,
683 2771 717 2830 ct
735 2759 799 2832 vll
827 2759 869 2829 de
888 2758 1012 2831 filiabus
1040 2760 1105 2827 stiis
1122 2756 1267 2825 edendoa

17 2907 19 2913 .
140 2842 318 2910 Minotauro
347 2843 514 2912 mitterent.
1123 2899 1127 2905 .

526 3012 620 3092 aas.
673 3014 877 3123 segne.
956 2974 966 2989 ’

232 3145 331 3215 Victis
365 3146 469 3213 autern
498 3146 758 3223 Atheniensibus,
796 3167 893 3234 quum
921 3153 1033 3213 conns
1059 3142 1269 3231 Megarenses

98 3231 225 3300 arbella
247 3233 349 3299 Minos
370 3246 526 3314 moveret,
549 3234 622 3321 quia
645 3232 802 3300 formosus
824 3242 903 3309 erat,
923 3242 1046 3297 amatus
1062 3227 1270 3317 estaScylla,

138 3318 209 3387 Nisi
230 3317 467 3406 Megarensium
492 3318 579 3404 regis
599 3317 673 3385 lilia.
715 3319 809 3392 Quae
836 3327 872 3384 ut
901 3315 984 3383 hosti
1003 3325 1112 3403 posset
1131 3312 1269 3401 placere,

140 3426 264 3471 comana
287 3424 495 3492 pnrpuream,
516 3405 638 3492 parenti
659 3403 833 3482 abscisam,
855 3401 884 3466 ei
906 3399 1034 3479 obtulit3
1053 3421 1148 3485 quam
1169 3398 1267 3464 Nisus

139 3490 184 3558 ita
204 3488 358 3556 habuerat
379 3499 612 3568 consecratam,
637 3499 674 3555 ut
691 3482 811 3554 tamdiu
832 3506 935 3574 regno
957 3484 1142 3575 potiretur,-.
1156 3504 1267 3570 quam-

141 3574 194 3641 diu
213 3573 296 3640 illam
321 3574 478 3642 habuisset
496 3573 654 3640 intactam.
685 3570 809 3649 Minos,
830 3581 963 3660 accepto
984 3568 1087 3649 edne,
1109 3566 1267 3635 civitatem

100 3659 353 3747 toexpugnavit,
382 3673 415 3725 et
436 3656 548 3725 Nisum
569 3657 735 3726 interiecit.
777 3656 897 3723 Postea
916 3667 949 3723 et
967 3652 1011 3721 Sc
1033 3652 1090 3733 lla,
1117 3677 1138 3720 a
1158 3651 1269 3718 Minoe

141 3757 316 3822 contemta,
348 3743 457 3810 dolore
488 3744 519 3810 in
547 3766 635 3811 avem
665 3763 817 3809 conversa
838 3752 904 3809 eat·
941 3751 974 3807 et
1025 3739 1089 3804 isus
1110 3737 1267 3805 extinctus

139 3829 340 3896 miseratione
368 3829 499 3895 deornm
525 3828 555 3893 iu
578 3827 642 3895 avis
663 3838 800 3896 mutatus
820 3840 870 3894 est
890 3791 1033 3891 lormsrn.
1076 3822 1170 3897 Quae
1193 3845 1267 3889 ares

139 3912 236 3980 hodie
262 3915 345 3979 inter
371 3937 407 3980 se
436 3911 626 3981 discordant
677 3912 760 3979 Nam
789 3934 847 4000 pro
867 3909 981 3978 veteris
1010 3907 1085 3976 odio
1109 3907 1203 3987 sacti,
1233 3905 1269 3972 id

67 4030 72 4041 ’
140 4008 189 4066 est
217 3997 328 4078 crinis,
356 3996 452 4065 Nisus
482 3999 681 4087 persequitur
702 3995 858 4088 Scyllam,
887 4007 925 4064 ut
945 4018 1017 4063 eam
1037 3993 1133 4062 morti
1150 3991 1267 4062 undat.

97 4164 154 4257 ³⁶⁸
502 4191 595 4268 tat.
648 4191 905 4293 Theseus

224 4322 291 4392 sed
310 4321 515 4394 Athenienses
536 4320 612 4387 dnm
633 4314 764 4410 singolis
786 4317 876 4386 anuis
895 4317 975 4386 filios
993 4318 1174 4386 mnatauro
1195 4315 1268 4384 mit·

139 4416 261 4488 terent,
295 4411 389 4482 tertio
416 4428 499 4475 anno
526 4406 693 4491 Theseus,
724 4403 918 4473 athenarum
946 4405 1033 4495 regis
1054 4402 1153 4493 sege
1172 4400 1268 4481 lilius,

138 4492 251 4560 missus
282 4507 348 4575 est,
377 4508 441 4562 taur
463 4492 576 4559 virtute
594 4503 724 4581 potens,
754 4509 849 4575 quarn
872 4489 982 4557 forma.
1024 4489 1088 4566 Qui
1107 4507 1204 4576 quum
1226 4487 1268 4552 ab

142 4577 297 4661 Ariadne,
332 4578 418 4669 regis
448 4575 529 4657 filia,
561 4584 684 4643 amatus
718 4572 844 4655 luisset,
875 4575 944 4662 ipra
963 4574 1106 4653 timens,
1138 4594 1180 4638 ne
1206 4570 1267 4648 ille,

97 4666 283 4755 coquamus
305 4666 412 4735 occiso
434 4660 629 4746 Minotauro,
657 4656 814 4749 multiplea
844 4672 877 4730 et
897 4658 1080 4749 perplexum
1101 4654 1267 4748 labyrinthi
